917 1308
250 76 356 89 nonnum.
369 76 398 88 ssu
410 76 518 88 lemannum
686 73 717 89 119

90 100 130 120 Sub
144 100 203 120 finem
217 101 263 120 enni
275 100 326 121 1876
335 107 346 121 s
355 101 458 121 seminario
468 101 576 127 egrediens,
587 101 617 121 sui
626 101 717 127 Episcopi

49 137 130 151 assensu
143 131 274 151 Mediolanum
289 131 351 154 venit,
366 132 423 157 atque
437 131 487 157 apud
502 131 631 157 praepositum
641 137 674 151 seu
684 137 718 157 pa-

49 158 130 181 rochum
144 167 160 180 s.
176 161 251 181 Mariae
264 162 366 181 coronatae
380 161 458 181 nomine
471 161 547 181 Usu-elli
561 167 581 181 se
594 162 673 187 recepit,
683 161 717 187 qui

48 192 113 211 multa
126 191 214 211 amiciti-'2
234 191 367 217 viglevanensi
388 191 480 211 Antistiti
502 192 631 217 iungebatur,
647 192 717 217 quique

48 221 140 241 iuvenem
155 221 245 241 clericum
260 221 365 247 plurimum
379 222 470 241 adamare
483 222 553 247 coepit,
569 223 589 241 et
607 222 717 241 assistentis

48 252 134 272 officium
148 252 169 271 in
183 252 264 277 qno'dam
278 252 359 277 collegio
373 258 384 271 a
398 258 418 271 se
431 253 494 271 erecto
509 252 546 277 ipsi
556 252 659 274 commisit,
670 252 717 277 quin

49 284 117 302 tamen
131 284 207 309 tempus
220 282 245 302 ad
263 282 371 310 theologica
388 282 453 302 studia
474 282 586 308 complenda
604 283 663 301 eimet
683 288 718 301 au-

50 312 121 332 ferret.
431 317 433 319 ’

90 343 175 363 Subinde
188 342 212 362 ad
226 348 290 362 sacros
303 343 380 363 ordines
393 344 451 368 atque
465 343 489 362 ad
501 342 628 362 sacerdotium
643 349 718 369 promo-

49 374 140 396 vebatur,
156 380 167 392 a
181 378 215 392 suo
228 374 294 393 temen
307 373 409 399 Episcopo.
424 372 461 392 Sed
475 373 555 393 titulum
570 373 594 392 ad
612 373 718 393 ordinatio-

49 409 95 423 nem
109 404 127 422 ei
141 404 256 429 procurabat
270 403 363 429 parochus
376 402 452 423 Usuelli
462 417 467 427 ‚
482 403 515 429 qni
536 403 588 423 dicto
607 403 676 423 clerico
696 403 717 422 in

50 433 174 453 huno-finem
188 433 272 453 obtinuit
285 434 306 453 et
319 434 412 453 concessit
428 433 556 460 capellaniam
577 440 610 453 seu
631 433 717 459 legatum

49 464 160 486 missarum,
172 464 192 483 in
202 463 282 483 ecelesia
295 470 312 482 s.
328 463 403 483 Mariae
417 465 519 483 coronatae
533 464 653 484 institutum.

85 493 196 513 Sacerdotio
203 494 232 513 ita
240 494 331 513 initiatus
336 494 452 516 Martianus,
460 494 590 513 Mediolanum
598 494 715 519 regreditur,

49 524 116 543 eodem
130 529 210 543 munere
223 524 244 544 in
258 524 340 550 collegio
353 523 429 544 Usuelli
444 524 552 544 functurus:
564 525 595 543 ast
608 524 665 549 paulo
675 525 718 549 post

49 554 155 573 Novembri
169 560 234 573 mense
250 554 312 577 1879,
328 554 472 580 viglevanensis
488 554 594 580 Episcopus
608 554 718 573 admonitus

48 590 74 603 ex
88 590 127 603 una
141 586 196 610 parte
210 590 221 604 a
235 584 340 607 nonnullis,
357 585 412 604 valde
427 584 475 604 utile
489 584 530 603 fore
544 584 613 604 clerico
627 584 643 603 si
663 590 718 603 revo-

49 615 128 634 caretur
142 614 163 633 in
176 614 290 638 Dioeoesim,
303 621 330 634 ·ex
344 614 406 634 altera
426 621 472 634 vero
486 614 582 634 Dioecesis
603 614 724 635 necessitate,

47 644 166 670 compulsus
182 646 202 664 et
215 645 304 670 quamvis
318 645 381 665 verbis
395 646 459 668 tenus,
475 646 510 664 aut
520 644 597 665 litteris
611 644 673 664 amico
683 650 717 664 suo

48 674 141 697 Usuelii,
157 676 179 694 ut
195 675 227 694 hic
240 675 332 700 sei-ipsit,
349 675 482 701 promisisset,
497 681 517 694 se
537 675 658 694 Martianum
679 681 717 694 nou

47 706 192 728 revocaturum
208 707 274 724 tamen
289 706 351 731 ipsum
366 705 428 725 redire
442 705 507 728 iussin
522 707 543 725 et
563 705 669 724 senescenti
688 705 718 724 in-

46 734 142 760 firmoque
156 735 238 760 parocho
252 735 289 755 loci
306 735 400 757 Olevano,
414 741 463 761 quae
476 731 562 761 paroecia
579 735 630 754 1700
648 735 717 754 incolis

46 766 133 788 constat,
148 766 168 784 et
181 765 202 784 in
216 765 257 785 loco
271 765 323 785 haud
337 765 393 791 plene
411 765 484 785 salubri
506 766 570 788 iacet,
586 765 717 785 assistentiam

48 795 142 821 praebere
157 795 265 815 mandavit.

90 825 161 845 Paruit
175 825 293 849 Martianus,
308 826 329 845 et
342 826 382 845 tres
395 825 472 845 circiter
486 831 546 845 annos
559 825 642 845 Oievani
663 825 717 844 adiu-

35 867 37 869 >
47 855 118 875 tricem
132 861 209 881 operam
224 862 267 875 eum
281 855 338 875 laude
348 857 368 876 et
378 856 438 875 enimi
449 855 489 875 zelo
499 856 587 875 navavit:
599 856 678 881 optabat
688 857 717 875 ta-

48 891 95 904 men
100 885 232 905 Mediolanum
242 886 292 912 apud
299 886 439 911 benefactorem
449 892 513 909 suum,
521 886 625 911 parochum
633 885 716 908 Usuelli,

47 915 153 941 aliquando
167 916 236 939 redire;
252 917 272 936 et
285 916 317 935 hic
330 916 389 936 etiam
404 917 426 935 ut
440 916 558 935 sacerdotem
572 915 659 935 eumdem
667 915 718 941 apud

46 952 68 965 se
83 946 170 969 haberet,
182 946 236 972 -epud
250 946 366 972 Episcopum
381 946 462 965 institit.
478 946 514 966 Sed
529 945 635 971 Episcopus
648 946 669 965 in
687 945 718 965 fu-

47 978 114 996 turum
128 982 205 1001 semper
218 982 259 995 rem
273 976 381 997 differebat.

89 1006 166 1025 Interea
180 1006 235 1026 Iunio
253 1012 318 1026 mense
340 1007 398 1030 1882,
419 1007 475 1032 gravi
493 1007 612 1034 apoplexiae
625 1012 717 1032 aggressu

45 1038 147 1061 correptus
168 1036 262 1062 parochus
282 1036 373 1060 Usuelli,
388 1037 506 1056 sacerdotem
527 1037 648 1056 Mattianum
669 1036 719 1055 tele-

47 1067 159 1091 grammate
172 1066 222 1092 apud
236 1072 257 1086 se
270 1067 355 1090 vocavit,
371 1067 403 1092 qui
418 1067 554 1086 incunctanter
564 1067 587 1086 ad
602 1066 660 1086 inum
674 1072 717 1092 per-

47 1096 109 1119 rexit,
124 1096 171 1121 quin
185 1098 251 1116 tamen
264 1096 380 1122 Episcopum
394 1098 536 1122 praemoneret,
547 1097 646 1122 aliumque
655 1102 718 1115 sacer-

47 1127 113 1146 dotem
127 1127 228 1152 paroeciae
241 1132 286 1146 suae
300 1127 415 1152 provideret3
431 1127 482 1146 unde
496 1127 517 1146 in
527 1128 625 1153 posterum
634 1126 716 1146 Ordina-

48 1157 90 1176 rius
105 1156 210 1182 plurimum
220 1162 277 1182 super
286 1157 321 1177 hoc
330 1157 399 1176 doluit.
411 1156 435 1176 Se
444 1158 524 1176 excusat
534 1158 599 1176 tamen
607 1156 717 1176 Martianus
