917 1308
348 76 460 88 neronum
708 71 727 87 13
731 71 739 87 1

66 100 211 126 praetermisso,
229 100 327 120 consultor
343 100 483 120 animadvertit
498 100 548 126 qnod
564 106 630 120 omnes
640 100 681 119 sive
695 105 741 119 eon-

68 131 132 156 iuges,
149 130 191 150 sive
207 132 273 153 testes,
294 130 335 150 sive
353 130 435 156 denique
453 130 522 149 medici
536 130 576 149 suis
590 129 742 155 depositionibus

64 166 91 180 ac
106 160 233 180 relationibus
248 160 288 180 ullo
302 161 372 186 absque
386 160 442 180 dubio
456 161 556 183 evincunt,
566 160 663 179 Amaliam
678 160 741 185 virgi—

67 196 113 210 nem
130 190 208 210 omnino
222 189 281 210 fuisse
295 190 377 210 durante
387 191 473 216 tempore
487 191 571 213 unionis,
582 190 662 216 ideoque
671 190 741 209 matri—

67 220 155 240 monium
169 220 192 240 de
208 226 245 246 quo
258 220 325 245 agitur
341 220 400 239 fuisse
413 222 478 240 ratum
490 222 511 240 et
522 227 560 240 nun
574 221 738 240 consummatum.

110 250 221 276 Perperam,
233 250 303 276 inquit,
315 251 445 270 recurreretur
454 250 479 270 ad
488 250 560 274 dolum,
572 250 627 270 dolus
639 251 690 270 enim
700 256 740 270 non

67 280 207 306 praesumitur,
222 286 257 300 nec
271 281 301 300 tot
315 281 374 300 testes
388 279 456 300 fallere
470 282 560 306 poterant
574 280 653 300 iudices:
670 286 713 300 cum
730 286 741 299 e

64 312 136 330 contra
150 312 214 330 essent
230 310 291 336 probi,
310 310 347 330 fide
360 310 415 336 digni
429 312 449 330 et
468 310 532 330 civilis
552 311 677 334 conditionis,
695 313 742 336 s'up-

67 341 148 367 ponitur
162 341 183 361 in
197 341 225 360 eis
239 341 341 363 sinceritas
354 341 375 360 in
384 341 502 366 deponendo.
511 340 582 360 Medici
592 347 638 360 vero
647 347 691 360 eum
700 341 742 360 sint

68 371 167 397 sapientes
181 372 201 390 et
215 371 269 390 bonis
283 371 368 390 moribus
382 371 453 394 ornati,
470 370 570 390 moraliter
578 371 696 396 impossibile
710 372 741 390 est

68 400 141 420 falsum
155 400 251 420 retulisse.
270 400 320 420 Hine
334 400 428 419 conclusit
441 401 516 420 eertum
538 407 579 420 esse
593 400 740 420 matrimonium

68 430 92 450 in
109 430 196 449 themate
212 430 271 449 fuisse
287 432 359 453 ratum,
377 430 457 456 ideoque
471 430 620 456 dispensandum
635 437 675 450 esse
684 437 709 450 ex
718 436 740 449 eo

65 460 119 485 quod
136 461 251 486 argumenta
264 461 284 479 et
298 466 367 480 causae
381 460 530 486 dispensationis
546 461 567 480 in
583 467 629 480 casu
649 466 688 480 non
707 460 741 479 de-

68 490 146 510 ficiunt.

111 521 140 539 Ac
161 520 274 546 praeprimis
295 520 384 539 edisserit
401 520 472 540 iustam
493 520 642 546 dispensationis
663 524 743 539 causam·

66 556 120 574 esse,
135 550 200 570 odium
214 550 266 570 inter
280 550 378 575 coniuges,
394 551 414 569 et
427 550 537 576 Eugenium
547 550 574 569 111
584 551 662 576 propter
676 550 742 569 odium

69 581 123 600 inter
137 586 215 606 sponsos
228 580 348 606 dispensasse
358 580 378 599 in
389 580 512 599 matrimonio
522 582 572 603 rato,
584 580 670 600 Sanchez
680 580 714 599 lib.
725 579 741 600 2

67 610 147 636 disput.
164 610 221 629 XIV.
237 610 278 630 Hoc
287 610 358 633 odium,
370 609 440 636 inquit,
452 610 543 636 apparuit
552 610 573 629 in
583 610 646 636 prima
655 610 686 629 die
700 616 743 629 ma-

68 640 189 660 trimonialis
207 640 261 660 vitae
281 640 376 660 Gherardi
396 646 439 659 cum
461 640 553 663 Amalia,
569 641 589 660 et
609 640 691 660 crevisse
705 640 742 659 lite

70 670 196 696 perdurante,
211 676 249 695 qna
263 670 338 696 publice
352 670 463 689 diffamatus
477 669 515 690 fuit
529 670 639 690 Gherardus
649 671 671 689 ut
681 670 743 695 impo—

69 703 116 720 tens
136 702 157 720 et
176 700 276 726 propalata
296 700 375 720 fuerunt
395 700 435 720 alia
453 707 522 726 sponso
542 701 601 720 nimis
622 700 740 720 indecorosa.
761 712 763 714 v

69 730 153 750 Praeter
167 730 231 750 odium
245 730 297 750 inter
310 736 389 756 sponsos
398 744 403 753 ,
419 730 485 750 adesse
501 730 531 750 ait
549 730 674 750 inimicitiam
688 730 742 749 inter

69 761 172 786 utriusque
185 760 249 786 sponsi
264 760 367 783 familiam,
378 766 435 786 quam
450 760 567 780 Ganonistae
581 767 647 780 omnes
661 760 742 780 tradunt

68 797 113 811 esse
126 797 204 810 causam
218 791 289 810 iustam
303 792 323 810 et
337 791 425 810 idoneam
435 790 458 810 ad
468 790 630 816 dispensationem
640 790 744 816 indulgen-

68 821 124 840 dam.
140 820 224 840 Tandem
239 821 339 846 perpendit
353 821 506 840 incontinentiae
520 827 597 840 causam
617 820 741 840 efficaciorem

71 858 119 878 prae
132 852 220 871 omnibus
234 858 275 871 esse
286 852 310 871 ad
320 852 491 877 dispensationem,
502 852 547 877 quia
561 852 585 871 ad
600 851 683 871 salutem
700 852 743 870 ani-

71 887 148 901 marum
162 882 254 907 pertinet,
270 883 290 901 et
303 881 412 901 huiusmodi
426 887 503 901 causam
513 888 554 902 esse
563 882 584 901 in
598 881 684 901 themate
698 887 743 906 gra—

71 912 180 935 vissimam,
195 918 220 931 ex
233 917 255 931 eo
268 912 318 937 quod
331 912 396 931 civilis
407 911 511 932 tribunalis
525 912 623 931 sententia
642 918 685 931 cum
700 917 743 937 per-

71 941 163 964 miserit,
181 942 204 960 nt
217 941 282 967 sponsi
298 941 322 960 ad
341 941 381 961 alia
396 943 443 961 vota
458 942 580 965 transirent;
596 942 617 961 hi
631 942 670 961 iam
688 941 744 961 inve-

71 971 155 991 niuntur
166 972 289 991 matrimonio
303 971 358 991 civ-ili
370 972 458 991 innodati
473 978 515 991 cum
528 972 640 998 respectivis
654 971 745 991 concubi-

71 1002 142 1025 nai-iis,
158 1008 219 1027 neque
233 1008 273 1021 esse
283 1002 410 1029 sperandum,
429 1002 468 1021 imo
483 1009 523 1022 esse
541 1002 642 1021 moraliter
656 1001 744 1027 impossi-

71 1032 119 1055 bile,
133 1037 165 1051 eos
180 1031 242 1051 redire
258 1032 282 1051 ad
298 1031 391 1057 pristinas
409 1032 501 1058 nuptias,
518 1032 631 1058 praesertim
650 1032 696 1057 quia
712 1031 745 1050 vir

72 1062 112 1081 iam
127 1062 178 1081 filios
191 1061 257 1085 habet,
273 1068 319 1087 quos
336 1063 356 1081 et
369 1061 468 1087 legitimos
486 1068 520 1088 per
537 1062 653 1087 subsequens
674 1061 743 1081 matri-

71 1092 161 1111 monium
175 1091 328 1111 ecclesiasticum
343 1091 417 1112 efficere
433 1092 536 1119 desiderat.
547 1092 605 1111 Hisce
614 1093 635 1111 et
646 1091 690 1111 aliis
700 1097 744 1117 per-

72 1122 146 1147 pensis,
163 1122 264 1141 canonista
278 1121 372 1141 conclusit
386 1121 444 1141 ssffio
459 1128 492 1147 pro
506 1122 656 1148 dispensationis
678 1121 744 1147 gratia·

71 1152 95 1171 in
107 1158 153 1171 casu
168 1151 305 1171 consulendum
319 1157 367 1171 esse.
