917 1308
183 65 214 81 1116

447 100 574 121 NICOSIEN.

409 149 530 163 FAGULTAUS
545 149 626 162 BINANDI

262 196 293 212 Die
303 196 315 211 8
325 196 369 211 Maia*
381 196 429 211 1886.

631 220 640 237 ξ
641 222 723 231 aaaaaa
724 219 737 230 ιι
745 222 804 234 pron-m.

221 246 352 265 ΟοΜΡΕΝυιυΜ
366 252 430 265 imm-1.
445 246 524 265 Retulit
537 245 643 271 Episcopus
652 245 742 271 oppidum
749 245 849 265 Leonforti

182 276 266 296 incolere
282 275 355 299 18,000
369 275 441 298 fideles,
452 276 516 301 ibique
525 276 590 295 adesse
601 277 641 295 tres
655 275 758 301 paroecias,
774 277 847 301 septem

182 305 279 326 Ecclesias
292 305 370 329 filiales,
385 307 405 325 et
421 305 542 330 Conventum
559 305 735 332 Oappuccinorum3
751 306 783 325 ubi
798 312 849 325 nunc

182 337 283 356 morantur
297 338 336 355 tres
350 336 457 355 sacerdotes
471 336 576 361 regulares:
592 335 704 355 Sacerdotes
717 342 763 355 vero
783 342 849 355 saecu-

182 367 234 386 lares
246 372 287 385 esse
303 366 334 385 14.
350 366 370 385 Si
384 366 456 388 demas,
472 366 507 388 ait,
523 366 660 391 Cappuccinos,
676 366 709 391 qui
729 366 750 385 iri
771 366 849 392 propria

181 397 280 416 celebrant
293 396 387 419 Ecclesia,
403 397 423 415 et
437 396 453 415 si
467 396 547 415 cuilibet
560 395 657 415 Ecclesiae
671 396 727 415 filioli
737 396 849 421 assignetur

181 427 282 452 presbyter
295 432 344 445 unus
353 440 358 448 ,
374 427 476 451 supersunt
490 427 567 445 tautum
587 427 673 451 septem,
688 432 769 452 quorum
787 425 845 449 alter,

182 456 344 476 incommodorum
363 457 420 475 causA
443 456 502 481 ligari
524 456 591 481 nequit
611 456 672 481 quoad
690 456 770 479 horam,
786 462 848 481 neque

183 486 245 512 quoad
258 485 373 505 Ecclesiam.
389 485 431 507 Qua
445 486 468 505 de
482 492 502 505 re
516 485 618 505 Matricem
636 487 656 505 et
674 486 723 505 alias
742 486 789 505 duas
808 486 847 505 Pa-

182 516 262 538 roecias,
272 521 371 535 numerum
382 515 493 538 Missarum,
505 516 615 535 necessitati
622 516 756 539 sufficientem,
766 522 804 535 non
813 516 849 535 ha-

182 547 234 569 bere;
244 545 320 565 matrici
328 546 380 565 enim
389 545 469 565 habenti
478 545 551 568 lQOOO
560 545 626 565 fideles
633 547 715 571 quatuor
724 546 793 565 saltem
802 546 849 565 Mis-

182 583 213 595 sas
227 576 345 595 necessarias
354 582 402 598 esse,
414 576 458 595 dum
471 577 510 595 tres
524 577 601 595 tantum
612 576 688 599 hebeat,
701 577 740 596 tres
749 582 851 602 exposcere

182 606 289 640 paroeciam
303 612 313 624 e
328 605 450 631 Purgatorio.
466 607 486 624 et
500 605 547 625 duas
560 606 626 628 habet;
642 606 688 625 duas
702 612 802 632 exposcere
816 612 851 632 pa-

182 636 265 656 roeciam
278 635 453 659 Annuntiutionis,
468 637 488 656 et
501 636 563 655 solum
577 636 635 656 habet
650 636 761 662 parochum.
777 636 850 658 Quam-

181 667 245 686 obrem
259 667 299 685 tres
313 666 360 685 dicti
375 650 454 691 parochi
474 666 586 686 facultatem
601 668 694 692 expetunt
712 667 805 689 binandi,
827 668 851 686 ut

182 702 273 717 numerus
286 696 390 715 Missarum
405 696 521 722 praedictus,
537 702 571 722 pro
584 696 650 716 diebus
664 696 719 716 festis
728 698 793 716 certus
805 696 848 716 fiat.

221 726 257 746 His
271 727 357 752 precibus
372 726 410 745 fuit
424 732 534 752 responsum
551 734 559 744 ‹
572 726 614 746 Non
632 727 728 752 expedire
742 734 751 745 ›
774 726 849 746 Verum

182 757 213 776 die
226 756 253 776 22
266 756 351 775 Ianuarii
366 756 449 776 labentis
462 756 508 775 anni
522 756 572 776 idem
587 756 692 782 Episcopus
706 757 730 776 ad
744 756 764 776 S.
783 756 807 776 C.
824 756 849 776 G.

182 787 253 806 iterum
267 786 357 809 recurrit,
373 788 482 812 protestans
491 786 544 812 ‘quod
558 786 594 805 hoc
608 792 665 812 super
679 786 756 812 negotio
771 787 850 808 omnino

182 816 275 839 siluisset,
291 822 313 835 ac
327 816 424 835 mandatis
438 816 458 835 S.
474 816 497 836 Ο.
513 816 536 836 O.
551 816 628 842 penitus
647 816 787 841 acquievisset,
803 822 852 842 qua-

182 848 239 866 tenus
252 846 346 872 praedicti
359 846 437 872 parochi
451 846 522 865 iterum
537 852 574 866 non
589 846 708 869 retulissent,
730 846 853 872 quampluri-

182 882 223 896 mos
237 876 302 896 fideles
315 876 366 896 haud
380 875 442 895 facere
456 877 504 895 satis
519 878 620 902 praecepto
640 876 663 895 de
681 882 735 895 sacro
756 876 852 896 audiendo

182 913 207 926 ex
220 906 257 926 loci
271 906 374 930 adiunctis,
390 907 409 925 et
423 906 467 925 eliis
481 906 568 926 adductis
582 906 603 925 in
613 906 674 926 altero
683 906 765 932 supplici
776 906 850 926 libello.

376 952 518 974 Disceptatio
533 952 664 974 synoptioa.

223 995 302 1015 Gan-u
317 1001 435 1015 DENEGANDA
451 1001 544 1015 vxomun.
567 995 647 1015 Certum
667 996 697 1014 est
718 995 852 1021 Apostolicam

183 1025 251 1045 Sedem
265 1025 378 1045 facultatem
392 1025 470 1045 binandi
485 1025 536 1045 haud
551 1025 611 1045 solere
625 1025 734 1048 concedere,
750 1025 788 1045 nisi
806 1031 853 1050 gra-

183 1055 269 1075 vissimis
282 1055 307 1074 de
319 1055 389 1078 causis,
405 1055 480 1074 Lucidi
494 1056 544 1081 pert.
562 1055 580 1074 1.
595 1055 635 1075 vol.
653 1055 670 1074 1.
686 1061 731 1081 pag.
751 1055 802 1078 43&
818 1056 854 1075 ubi

183 1092 252 1111 nempe
265 1085 337 1111 species
351 1085 416 1111 aliqua
430 1085 550 1105 necessitatis
564 1085 630 1105 haberi
637 1085 745 1110 contingat:
755 1093 765 1104 ι
776 1085 796 1104 id
806 1091 853 1104 vero

183 1116 287 1135 intercedit
301 1115 339 1142 (ait
352 1115 427 1135 Lucida·
440 1116 475 1135 cit.
491 1115 537 1141 loc.)
551 1121 594 1134 cum
609 1121 658 1135 unus
672 1115 767 1141 parochus
778 1115 853 1135 duabus

184 1146 276 1171 paroeciis
290 1147 373 1173 praeest,
389 1145 420 1165 vel
434 1146 481 1165 duos
501 1145 580 1171 populos
600 1145 657 1164 valde
676 1145 772 1164 seiunctos
790 1145 851 1170 regit,
