917 1308
183 58 216 74 140
475 60 560 73 nonnum.
585 64 587 67 ·

175 86 234 106 *inter
248 85 367 105 Valenzuela
380 85 487 111 Velazquez
501 91 554 105 cons.
571 85 611 105 133
626 92 648 104 n.
665 85 698 105 10.
718 85 783 105 Sooin.
805 85 848 105 Iun.

178 122 235 136 cons.
252 116 292 135 111
307 122 329 135 n.
344 115 380 136 28.
395 115 456 135 Mare.
471 115 545 135 Anton.
561 115 636 141 Eugen.
652 122 705 135 cons.
721 115 764 136 412
784 122 807 135 n.
823 115 849 135 11

175 152 226 172 par.
241 145 256 166 2
269 146 341 172 aliique
355 146 384 165 ita
398 152 410 165 a
423 145 516 171 Fagnauo
530 145 587 165 relati
601 146 622 165 in
636 152 679 172 cap.
695 145 804 166 Perlatum
820 145 850 165 De

180 178 282 202 iurepatr.
298 182 320 195 n.
332 176 364 204 *16
378 179 396 195 et
411 176 444 195 17.
460 175 551 195 Doctores
571 182 617 195 vero
626 190 631 199 ‚
646 176 679 202 qui
700 176 721 195 in
742 176 850 202 oppositam

179 207 253 227 abeunt
267 206 384 226 sententiam
397 206 504 226 contrarios
518 206 555 226 sibi
574 212 617 231 non>
633 212 674 226 esse
688 206 786 229 sustinet,
805 212 850 225 cum

178 236 231 256 hanc
245 236 388 262 praesumptive
402 236 490 259 doceant,
506 237 564 262 atque
577 236 598 256 in
612 236 631 255 id
646 235 716 256 tamen⁴
732 236 850 256 conveniant

178 266 231 292 quod
244 266 352 286 fundatoris
366 272 420 286 mens
433 266 551 291 exquirenda
564 266 598 289 sit,
608 267 672 286 utrum
683 266 758 286 seilicet
767 266 850 292 agnatos

177 297 205 316 ad
219 297 364 322 iuspetronetus
377 297 477 316 vocaverit
491 296 646 316 demonstrative
655 296 686 316 vel
701 298 799 318 tumulive,
813 302 848 316 ceu

180 333 221 347 rem
235 327 321 353 explicat
334 326 438 352 Fagnanus
452 326 487 346 loc.
502 328 537 346 cil.
553 333 574 346 n.
590 326 619 347 23
632 330 651 346 et
663 325 699 347 25.

220 357 263 377 Huc
277 358 381 383 eapropter»
391 358 469 377 revocat
489 358 627 377 testamentum
647 357 694 377 enni
710 356 768 380 1630,
789 356 847 382 quod,

176 387 218 406 etsi
232 387 307 407 nullum
321 387 430 407 habendum
443 387 470 406 sit
483 393 518 413 per
531 387 612 407 deducta
625 393 637 406 a
646 387 725 406 Pitonio
739 387 762 406 de
778 386 847 406 Contr.

178 417 240 437 Patr.
255 418 321 443 Alleq.
336 417 365 437 37
378 423 401 437 n.
415 416 430 438 2
444 420 462 436 et
476 417 536 443 alleq.
552 417 580 436 40
593 424 615 436 n.
631 417 668 440 2&
681 417 735 443 quia,
750 416 804 436 nullo
817 416 850 436 in-

177 447 289 467 tercedente
302 453 395 467 consensu
408 447 507 467 Ordinarii
522 449 542 467 et
555 447 668 467 habentium
681 447 712 467 ius
725 447 847 473 quaesitum,

175 477 296 497 contradicit
309 477 431 497 irrevocabili
445 477 545 497 donationi
559 477 611 497 inter
624 477 680 497 vivos
693 477 714 497 in
728 477 848 496 fundationis

164 506 252 527 .·tabulis
265 507 350 527 insertae
364 508 384 526 et
398 507 521 533 approbatam
537 508 602 527 tamen
616 507 723 527 maximum
741 507 799 526 robur
816 506 848 526 illi

179 537 242 556 inesse
256 537 321 557 subdit
335 543 357 556 ac
371 537 411 556 vim
426 543 480 556 suam
494 537 571 556 omnino
585 543 675 560 exerere,
692 537 724 556 ubi
738 536 848 556 fundatoris

177 568 264 586 mentem
278 568 342 593 aperit
355 568 375 586 et
389 567 519 593 loquutionem
533 567 610 587 dubiam
625 567 723 593 explicat,
738 566 770 586 vel
784 567 808 586 de
821 567 847 586 iis

176 597 271 622 disponit,
286 604 335 623 quae
349 603 409 623 neque
423 597 522 617 Ordinarii
536 604 648 617 consensum
662 597 771 623 requirunt,
786 603 848 623 neque

177 626 238 646 ullius
259 627 289 646 ius
309 627 418 652 quaesitum
438 626 505 646 laedit.
528 627 569 647 Iam
589 633 635 647 vero
655 628 713 647 verba
733 626 847 647 testamenti

175 657 225 676 anni
237 656 288 677 1630
297 658 384 683 superius
398 657 487 680 recitata,
498 658 584 683 apprime
594 658 680 677 revelare
689 657 793 683 genuinam
802 656 847 676 fun-

177 687 252 706 datoris
265 688 350 707 mentem
364 688 385 707 in
398 687 522 713 designandis
536 688 614 713 agnatis
627 687 718 707 masculis
736 688 756 707 et
774 687 848 713 primo-

174 717 250 743 genitis
263 723 287 736 ex
301 716 393 737 fratribus
407 717 447 737 suis
461 717 542 737 Horatio
563 719 583 737 et
597 717 718 741 Secundino;
733 717 846 743 nullumque

177 747 294 767 rationabile
308 747 386 767 dubium
401 753 500 774 superesse
513 753 568 774 posse
581 748 602 767 in
618 748 778 773 interpretatione
796 747 846 773 legis

174 776 302 797 fundationis.
318 777 420 801 Meliorem
434 778 486 797 enim
500 778 688 803 interpretationem,
700 784 748 804 quae
762 778 785 797 de
799 778 847 797 scri—

176 808 235 833 ptura
248 807 379 827 institutionis
393 808 435 827 fieri
449 809 520 834 potest,
535 812 576 827 esse
590 807 658 831 illam,
674 814 722 834 quae
738 808 846 828 desumitur

174 842 201 856 ex
214 836 254 856 alia
268 838 363 863 scriptura
377 838 436 857 etiam
450 837 538 857 invalida
552 844 586 864 per
606 838 694 857 eumdem
712 838 846 858 institutorem

174 866 236 886 facta.
251 866 276 886 L.
291 867 392 887 Haeredes
402 868 475 894 palam
488 868 508 893 ἓ.
524 867 563 887 Sed
575 869 595 887 si
615 870 684 887 notam
704 869 726 894 ff.
742 868 766 887 de
786 871 846 887 testa-

174 899 251 916 mentis
265 900 283 917 et
297 897 322 917 L.
337 898 374 923 fin.
390 898 412 923 ff.
431 898 454 917 ἀι
474 898 514 917 reb.
536 904 576 917 eor.
598 897 637 917 Nec
658 898 785 923 quaerendam
803 904 846 918 esse

173 927 235 947 aliam
249 927 333 953 glossam
347 928 379 947 ubi
393 927 492 951 fundator,
507 928 539 947 vel
552 929 636 947 testator
648 928 732 954 seipsum
742 928 844 954 glossavit,

174 957 205 976 uti
218 959 261 983 post
275 957 357 980 Beldum
378 958 399 977 in
417 958 474 977 auth.
490 959 534 977 m'si
547 960 614 985 rogati
628 964 650 977 n.
666 957 679 977 9
696 958 777 978 Cod.ad
786 958 808 977 S.
821 958 843 978 C.

175 987 260 1007 Trebell.
267 987 353 1014 aliosque
359 988 400 1009 DD.
409 988 475 1014 inquit
479 988 597 1008 Valeuzuela
606 988 712 1014 Velazquez
719 988 794 1008 Gonsil.
803 988 845 1008 133

174 1023 199 1037 n.
214 1016 250 1037 32.

214 1047 267 1067 Utut
280 1047 349 1073 igitur,
364 1049 486 1074 prosequitur
499 1050 571 1071 orator,
582 1048 672 1068 taxe-tiva
686 1048 783 1074 particula
796 1052 844 1068 lan-

173 1080 221 1097 tum
235 1078 314 1098 exulare
327 1078 417 1099 videatur
430 1079 451 1098 in
465 1078 584 1099 fundationis
598 1079 648 1104 lege,
657 1078 709 1098 hano
718 1079 845 1099 nihilominus

174 1108 197 1127 in
210 1114 288 1134 corpore
301 1108 356 1128 illam
377 1109 508 1135 praeseferre,
530 1111 550 1129 et
571 1115 605 1135 pro
625 1115 716 1135 expressa
736 1109 844 1129 habendam

172 1139 253 1158 omniuo
267 1145 315 1162 esse;
330 1145 354 1159 ex
367 1137 463 1159 contextu
472 1139 524 1159 enim
542 1140 596 1165 patet
616 1138 738 1159 fundatorem
759 1139 846 1160 noluisse
