917 1308
181 66 202 82 58
482 69 542 81 mmm.

179 95 222 114 nire
236 95 312 120 poterat
321 105 333 111 -
343 94 473 114 emolumenta
486 95 538 114 enim
553 100 614 114 novae
628 94 727 121 paroeciae
740 95 849 128 aequabant

180 126 238 150 atque
251 126 335 150 aequant
349 125 479 144 emolumenta
488 125 599 145 anterioris:
610 136 622 140 -
632 131 693 151 neque
702 125 790 147 dedecus,
801 125 846 150 quia

179 155 363 174 causaremotionis
382 156 428 175 nota
448 155 573 180 omnibusque
594 157 663 181 patens
683 156 732 175 erat.
755 155 786 174 lta
798 161 849 179 >sane

180 185 292 211 Episcopus.
308 184 345 207 Qui
364 185 453 210 quidem,
469 186 492 205 ut
512 185 590 205 tandem
610 192 649 205 non
670 187 757 211 suspecto
778 185 849 204 iudicio

180 221 235 235 suam
249 215 319 241 agendi
333 215 428 235 rationem
442 215 539 238 defendat,
555 217 634 235 enarrat
647 222 659 235 a
672 215 771 235 nonnullis
781 215 849 235 incolis

181 252 197 265 s.
213 246 267 265 Petri
281 246 362 265 missum
375 246 400 265 ad
414 252 434 265 se
453 246 511 265 fuisse
532 246 670 266 Consiliarium
689 246 811 272 provinciae,
827 246 849 264 ut

180 276 291 302 loqueretur
304 276 370 295 favore
388 276 492 296 sacerdotis
511 276 618 300 Ludovici;
634 277 667 296 sed
686 276 720 295 ille
741 276 783 299 ait,
799 276 849 301 quod

181 307 258 327 attenta
278 306 355 326 ratione
375 307 446 332 agendi
467 307 551 326 eiusdem
573 307 692 330 sacerdotis,
708 308 794 326 censeret
808 306 850 325 eius

181 337 330 360 translationem
344 337 422 356 omnino
436 337 572 356 necessariam.

220 367 257 387 Sed
271 368 287 386 si
301 367 350 386 haec
363 367 428 386 omnia
441 367 523 387 suadent
541 367 667 390 remotionem
687 367 738 386 iuste
758 373 800 386 esse
821 367 850 386 fa-

169 399 240 421 ctam,
256 404 268 417 a
282 397 358 417 fortiori
372 397 465 417 evincunt
479 397 664 422 redintegrationem
679 398 699 417 in
713 398 801 417 eumdem
822 397 850 417 lo-

181 435 225 448 cum
238 433 277 447 non
291 434 345 453 posse
358 422 441 453 amplius
455 427 539 447 concedi.
556 428 650 448 Attamen
664 427 695 447 vel
709 428 772 453 magis
788 425 850 453 ipsam

181 459 309 478 dehortantur
322 464 345 477 ea
359 464 407 483 quae
422 459 488 483 postea
501 459 547 477 sunt
560 459 614 477 nata.
626 454 728 477 “Et-misso
743 458 763 477 in
782 458 850 484 primis

182 489 233 509 facto
247 489 269 508 de
283 488 414 514 acceptatione
428 488 527 514 paroeciae
542 488 578 507 loci
596 488 712 510 Verdaches,
733 495 770 514 quo
788 494 850 508 sacer-

182 519 337 538 dos-Ludovious
350 519 441 538 nuncium
456 518 523 543 utique
537 516 612 538 misisse
625 518 724 538 videretur
738 518 800 537 veteri
818 524 851 537 cu-

182 555 222 572 νᾶες
237 550 291 568 stant
304 549 361 568 hodie
375 549 443 568 contra
457 549 600 568 restitutionem
615 549 700 572 eiusdem
714 549 770 574 plura
782 555 804 568 ac
818 549 851 568 de-

182 579 284 606 plorabilia
298 578 357 601 faeta,
372 579 393 598 in
407 578 475 604 quibus
496 579 546 598 idem
564 575 650 598 sacerdos
669 580 743 605 partem
762 579 852 598 habuisse

182 610 261 629 dicitur.
277 609 375 636 Siquidem
392 609 408 628 l.
424 609 493 628 statim
503 615 525 628 ac
539 609 604 629 isfuit
618 610 710 632 remotus,
721 610 852 635 pervenerunt

183 641 207 668 ed
215 640 330 666 Episcopum
339 639 488 665 protestationes
495 639 633 659 nonnullorum
640 639 720 663 civium,
729 645 788 665 opera
795 639 852 659 huius

183 670 287 691 sacerdotis
302 670 404 693 collectae,
420 671 478 696 atque
492 670 543 689 aliae
556 670 628 693 etiam,
643 670 664 689 in
678 670 747 695 quibus
763 671 852 689 auctores

183 701 308 721 minabantur
327 706 347 719 se
363 700 384 719 in
403 696 473 726 pagum
488 706 544 726 suum
558 700 673 720 deducturos
687 700 727 720 fore
739 700 852 719 ministrum

183 732 331 757 protestantem,
347 730 385 749 nisi
400 730 427 750 ibi
437 730 584 756 ¹relinqueretur
597 731 706 750 Ludovicus
722 730 817 750 sacerdos.

223 761 310 781 Iamvero
324 761 431 786 instigante
446 761 543 780 sacerdote
557 761 630 784 eodem,
646 761 736 787 syndicus
758 767 774 780 s.
796 760 852 780 Petri

183 791 257 810 clavem
271 791 363 810 ecclesiae
376 791 493 816 arripuerat,
509 791 563 810 euius
577 791 675 816 ingressus
689 791 795 816 denegatus
813 790 853 809 fuit

176 827 233 840 novo
246 821 336 847 parocho;
352 820 380 840 ita
395 822 416 840 ut
428 821 505 840 incolae
514 828 548 847 per
562 822 609 841 duos
618 827 693 841 menses
702 821 770 841 officiis
780 820 853 840 divinis

184 857 249 871 carere
262 851 369 871 debuerint<
386 851 416 871 Ad
434 851 541 871 tollendum
562 852 671 871 huiusmodi
687 853 768 871 abusum
787 851 853 871 sanior

183 888 228 907 pars
242 881 373 907 populationis
386 878 483 901 recursum
499 882 567 902 habuit
580 882 604 901 ad
623 882 738 908 Episcopum
748 896 753 905 ,
769 881 801 907 qui
822 888 854 900 re-

184 916 261 931 cursum
275 911 329 931 civili
343 912 458 932 Provinciae
472 912 572 932 Praefecto
586 912 703 935 transmisit3
719 913 739 932 et
753 918 777 931 ex
791 911 854 931 Prae—

184 941 230 961 teeti
244 941 356 963 interventu
370 942 443 961 factum
457 943 493 965 est,
510 944 532 961 ut
545 942 565 961 in
580 938 611 961 die
625 942 675 962 festo
695 942 787 962 Omnium
803 942 854 961 San—

184 973 266 995 ctorum,
278 979 352 992 summo
361 972 424 995 mane,
436 973 526 998 syndicus
536 971 636 997 cogeretur
645 973 668 992 ad
676 972 750 992 clavem
761 970 855 992 ecclesiae

154 1010 156 1012 ·
184 1002 331 1026 restituendam,
347 1004 405 1028 atque
418 1009 442 1022 ex
455 1009 477 1022 eo
491 1002 522 1022 die
536 1002 607 1022 iterum
617 1009 682 1022 sacrae
691 1002 800 1022 functiones
809 1002 854 1021 fieri

184 1034 297 1058 coeperunt.

225 1062 286 1085 Quam
300 1064 324 1083 ob
338 1069 378 1082 rem
392 1062 487 1088 Syndicus
501 1063 579 1083 litteras
592 1063 737 1089 protestationis
758 1062 837 1088 scripsit
846 1076 852 1085 ,

183 1093 261 1113 iniuriis
275 1093 356 1113 refertas
370 1099 416 1119 erga
430 1092 508 1113 civilem
517 1096 538 1113 et
547 1089 696 1113 ecclesiasticam
706 1093 852 1116 auctoritatem3

184 1125 204 1143 et
217 1124 286 1143 harum
300 1123 410 1143 litterarum
424 1125 499 1147 auctor,
515 1125 585 1150 absque
599 1124 638 1143 ullo
657 1123 726 1147 dubio,
742 1123 854 1149 recognitus

167 1160 172 1166 ·
185 1153 222 1173 fuit
236 1154 336 1180 presbyter
349 1154 465 1173 Ludovicus.
