917 1308
195 68 226 84 130
471 60 583 85 unirer-irin

193 96 305 122 professore.
321 96 384 116 Multo
398 97 462 116 minus
476 97 537 120 dolus,
553 97 584 116 vel
598 97 674 117 falsitas
695 98 716 117 in
734 98 864 123 suspicionem

193 127 260 146 adduci
275 128 345 153 potest3
361 127 381 146 in
395 127 461 152 magni
475 128 527 146 enim
541 127 625 147 nominis
639 127 777 153 professoribus
786 127 865 147 falsitas

192 157 330 176 detestabilior
346 159 396 176 esset
416 163 534 183 quocumque
555 157 636 177 crimine
654 157 760 177 scelestiori
777 159 801 178 ab
818 158 864 178 aliis
879 167 882 171 .

192 188 309 213 perpetrato.
321 187 380 206 Dolus
390 187 466 213 probari
476 188 539 210 debet,
550 188 583 207 sed
593 194 636 207 cum
644 187 698 207 nulla
705 188 789 214 suspicio
798 188 862 211 adest,

192 223 227 237 nec
240 217 269 237 fas
283 219 313 237 est
326 218 349 237 de
363 224 385 237 eo
399 218 516 237 mentionem
530 218 592 240 facere
606 218 637 237 vel
648 218 729 238 obiicere
742 218 861 241 sententiae,

191 253 240 273 quae
260 247 336 273 prolata
355 249 384 267 est
398 248 440 267 nisa
460 245 561 271 relationi,
581 254 630 273 quae
649 248 811 274 praesupponitur
829 255 864 268 ve-

188 277 259 297 ridica.
385 287 389 291 -
811 292 813 294 >

231 308 288 327 Hisce
302 307 356 327 addit
365 308 414 334 quod
429 307 511 334 praefati
521 308 589 327 medici
600 307 714 327 relationem
724 308 792 334 ipsam,
804 314 862 334 quam

190 339 239 358 laico
253 339 347 358 tribunali
362 339 461 362 dederant,
477 339 600 358 iureiurando
617 339 762 362 confirmarunt,
773 339 862 364 quodque

190 369 306 389 catholicam
320 369 434 394 religionem
449 369 572 395 profitentur,
581 369 627 394 quin
637 369 707 394 aliquis
717 375 774 388 ausus
789 369 816 388 sit
829 375 862 388 eos

191 405 280 418 accusare
294 399 317 418 de
328 399 472 421 incredulitate,
488 399 519 418 vel
534 399 556 418 de
575 399 701 418 inclinatione
717 399 741 418 ad
758 399 862 418 absurdam

190 429 270 448 divortii
289 429 396 449 doctrinam
411 429 452 448 sive
467 429 538 452 verbis,
556 429 597 448 sive
616 429 694 455 scriptis
713 428 861 450 defendendam.

230 455 294 485 Neque
308 459 368 481 dicas,
383 459 432 485 quod
446 459 510 485 sponsi
525 459 628 479 noluerunt
642 459 713 478 iterum
722 459 805 478 aliorum
820 465 862 478 me-

190 489 275 509 dioorum
285 487 405 515 'inspectioni
419 489 495 512 subiici,
510 490 555 515 quia
569 490 664 509 timebant
682 495 706 508 ne
720 490 861 509 consummatio

191 519 311 539 matrimonii
325 519 369 538 aliis
383 519 490 545 patefieret,
506 519 658 545 quandoquidem
672 519 719 539 haec
729 520 812 545 suspicio
822 526 862 539 non

190 549 251 568 valet.
273 549 309 568 Est
322 549 374 568 enirn
386 549 482 575 inspeetio
500 550 620 569 incommoda
638 550 696 569 nimis
705 564 709 572 ‚
725 551 745 569 et
758 556 783 569 ne
798 550 861 575 megis

190 578 263 598 factum
277 579 418 604 divulgaretur,
434 579 498 605 sponsi
513 579 606 599 eiusmodi
620 579 720 599 fastidium
741 579 812 599 habere
831 586 862 599 re-

190 610 289 628 cusarunt.
304 609 395 628 Ceterum
409 609 513 634 diligentia
526 609 610 629 hominis
624 610 677 629 intra
694 609 767 629 debitos
786 609 862 629 limites

190 639 281 658 convenit
295 640 316 658 ut
330 638 449 662 adhibeatur,
465 640 485 658 et
499 639 594 659 certitudo
608 639 687 659 moralis
697 646 738 659 esse
752 640 808 660 debet
822 646 862 660 non

190 669 270 689 evidens
283 669 303 688 in
318 669 380 688 iudice
389 683 394 692 ,
409 670 442 695 qui
456 670 536 689 vocatur
550 670 573 688 ad
591 669 708 689 sententiam
722 669 822 689 dicendam
837 670 862 689 de

190 698 247 719 factis
260 699 374 724 praesertim
388 699 476 718 occultis.
491 720 493 722 ,
678 708 680 710 -

231 725 248 748 Α
262 728 324 748 forma
336 733 436 755 'processus
449 729 473 749 ad
495 729 640 748 matrimonium
660 729 801 755 inspiciendum
815 735 860 755 gra-

191 760 236 779 dum
251 759 331 782 faciens,
346 759 444 779 consultor
458 759 540 779 asseruit
548 759 583 779 hoc
593 759 651 779 fuisse
660 759 737 785 quidem
749 761 814 779 ratum
826 760 860 779 sed

190 796 228 810 non
242 791 402 813 consummatum
419 790 475 815 idque
492 790 532 809 sive
546 791 626 810 testium
639 791 659 816 et
673 790 775 815 coniugum
786 790 862 816 deposi-

190 820 275 840 tionibus
289 820 330 839 sive
344 826 368 839 ex
381 826 481 846 corporum
502 820 621 846 inspectione
637 822 718 840 scatere.
734 820 764 839 Ad
785 820 861 846 deposi-

190 850 254 869 tiones
267 850 316 876 qnod
330 850 410 873 attinet,
426 849 523 869 consultor
537 850 638 876 perpendit
654 856 739 876 pugnam
753 856 794 870 esse
808 850 862 870 inter

190 880 306 906 deponentes
327 880 378 899 circa
391 886 468 899 eausam
487 880 690 903 inconsummationis,
706 880 860 906 quandoquidem

190 916 260 936 sponsa
274 912 294 929 et
308 911 367 929 testes
381 910 404 929 ab
418 916 440 929 ea
454 910 532 929 adducti
546 910 672 936 impotentiae
686 910 735 931 vitio
754 910 785 929 vel
799 910 860 930 alieni

190 947 282 960 venereae
296 940 415 962 infirmitati.
424 939 461 965 quiz
470 940 581 959 Gherardus
590 940 697 963 laborabat,
708 939 785 960 causam
793 940 861 960 incon-

190 966 325 990 summationis
339 970 434 990 tribuunt.
447 969 467 989 Si
482 976 527 990 vero
541 970 635 996 depositio
645 970 710 996 sponsi
724 977 768 990 cum
778 971 860 990 testium

190 1002 214 1021 ab
228 1001 269 1027 ipso
283 1001 407 1020 adductorum
421 1000 571 1026 depositionibus
584 1002 605 1020 et
619 1007 662 1020 cum
676 1001 794 1020 medicorum
808 1001 860 1021 rela-

190 1032 243 1051 tione
257 1031 374 1054 conferatur,
390 1031 431 1057 ipse
445 1031 540 1057 impotens
554 1031 641 1051 absolute
655 1037 694 1050 non
707 1033 757 1054 erat,
773 1031 818 1057 quia
836 1032 860 1050 ut

191 1062 250 1081 testes
266 1061 329 1084 aiunt,
347 1067 391 1080 oum
405 1061 450 1080 aliis
469 1061 751 1087 mulieribus.intemperanter
771 1067 861 1081 consum-

190 1092 263 1115 mabat,
274 1092 294 1110 et
303 1087 331 1110 ut*
339 1090 407 1110 medici
422 1091 538 1114 retulerunt,
554 1091 699 1117 dispositionem
713 1091 810 1117 integram
824 1091 861 1111 ha-

190 1122 247 1141 bebat
260 1121 284 1140 ad
298 1121 489 1144 consummationem
505 1121 536 1140 vel
551 1121 574 1140 ad
593 1127 689 1140 summum
703 1121 788 1141 admitti·
796 1123 861 1147 potest

190 1152 240 1177 quod
256 1152 337 1172 relative
352 1152 376 1171 ad
387 1158 476 1178 sponsam
486 1151 602 1178 impotentia
616 1151 697 1171 laborat.
711 1151 784 1171 Verum
794 1153 814 1171 et
822 1152 860 1171 hoo
