917 1308
182 55 203 71 5⁶
446 57 448 59 “
484 62 544 74 mnan.
610 74 612 78 Α

179 84 262 103 roeciam
277 84 314 110 ipsi
328 84 431 109 conferret;
448 86 493 105 dum
507 83 600 106 econtra
614 87 651 113 ipsi
665 87 736 107 collat-2
758 87 795 107 fuit
815 95 851 114 pa-

180 114 244 133 roecia
257 114 294 133 loci
312 114 429 137 Verdaches
444 116 465 135 in
478 122 516 141 qna
530 116 568 136 ia'm
583 123 595 136 a
609 117 639 136 die
659 117 667 136 1
690 117 779 137 Octobris
800 118 850 138 1881

180 144 259 163 residet.
275 144 316 164 Imo
330 151 369 164 uon
382 145 444 165 solum
458 146 509 165 hanc
522 147 630 181 paroeciam
645 148 761 173 acceptavit,
773 149 810 168 sed
830 150 853 168 et

161 179 163 181 ’
179 170 253 200 gratias
267 175 308 200 egit
322 175 416 201 Episcopo
430 182 464 201 pro
478 182 528 196 nova
542 177 660 202 provisione,
663 178 723 197 datis
732 179 756 197 ad
766 178 802 198 hoc
816 179 854 198 lit-

141 218 143 220 ·
179 205 228 224 teris
241 205 272 224 die
286 205 312 226 26
326 205 444 231 Septembris
460 206 518 226 1881
524 206 583 229 Quod
594 213 639 227 vero
649 209 724 233 spectat
734 208 758 227 ad
765 209 853 234 quinque

180 235 326 258 translationes,
335 242 382 261 quas
395 237 521 262 quinquennii
532 237 587 263 lapsu
596 238 633 257 sibi
643 237 743 263 impositas
752 238 812 258 fuisse
821 239 852 258 ait

180 265 281 291 parochus,
294 266 434 286 animadvertit
443 266 556 293 Episcopus,
568 269 607 287 tres
617 274 641 287 ex
651 268 675 288 iis
685 268 747 288 locum
760 268 851 288 habuisse

179 295 214 314 sub
228 295 398 316 administratione
412 297 442 316 sui
456 297 567 321 decessoris;
583 304 607 317 ex
621 298 694 318 duabus
704 305 749 318 vero
758 305 807 324 quae
817 305 851 318 su-

179 327 267 351 persunt,
282 326 336 351 prior
349 327 372 346 ab
388 327 428 352 ipso
443 327 652 353 Ludovicopostulata
666 328 711 348 fuit.
727 329 777 348 Cum
795 329 850 348 euim

179 356 243 381 iurgia
257 357 277 375 et
290 357 423 377 contentiones
438 357 493 377 inter'
504 358 566 385 ipsum
581 360 601 378 et
610 358 705 378 familiam
715 365 770 378 suam
780 360 854 379 exorta·

180 386 270 410 fuissent,
287 387 344 412 petiit
358 388 382 407 ab
396 387 498 413 Episcopo,
514 389 536 407 ut
550 388 610 408 vellet
624 389 687 414 ipsum
702 389 725 408 ad
739 389 799 409 aliem
815 395 852 415 pa-

179 417 263 436 roeciam
278 416 391 440 transferre,
407 418 428 437 in
442 424 480 443 qua
494 425 506 438 a
519 424 597 438 suorum
611 419 707 439 consortio
721 426 799 445 prorsus
819 426 852 439 re-

180 449 244 467 motus
257 453 298 466 esse
313 449 384 473 posset3
399 454 437 473 qua
450 449 549 468 occasione
563 449 674 469 nominatus
688 448 727 469 fuit
741 449 765 468 ad
782 455 851 475 paroc·
869 444 873 449 ¹

178 475 230 497 ‘ciam
244 484 260 497 s
276 478 330 497 Petri
345 478 382 497 loci
396 478 526 498 Entrevaux.
738 490 741 494 ·

194 515 197 518 ⁴
220 508 295 528 Causae
310 514 355 528 vero
369 515 417 534 quae
431 509 494 528 locum
509 509 602 529 dederunt
624 509 705 529 ultimae
723 509 851 529 translationi

180 540 226 558 sunt
240 545 288 564 quae
302 540 416 564 sequuntur.
433 539 481 559 Cum
496 540 583 559 sacerdos
593 539 702 559 Ludovicus
711 540 810 565 paroeciae
820 546 852 559 re-

171 569 244 597 'gimen
258 569 380 595 suscepisset,
392 569 483 595 populum
493 569 610 589 factionibus
619 570 703 589 divisum
713 570 796 590 invenit.
808 570 852 596 Ipse

179 600 252 622 autem,
268 599 338 621 nerium
353 600 377 619 ab
391 600 421 619 his
435 600 586 620 dissensionibus
604 600 679 620 alienus
701 606 812 623 remanere,
828 602 852 620 ut

180 630 282 656 prudentia
296 630 395 652 suadebat,
411 631 469 656 atque
483 630 507 649 ab
517 630 620 649 Ordiuario
630 630 715 650 monitus
725 629 797 653 fuerat,
809 636 852 650 ma-

178 661 216 680 luit
230 661 287 680 unius
301 660 391 681 factionis
406 662 535 687 patrocinium
550 661 646 681 violenter
664 668 724 687 aeque
744 668 767 680 nc
786 662 849 687 perti-

178 692 254 710 naciter
267 692 371 717 suscipere.
387 691 436 711 Cum
451 698 497 711 vero
510 692 588 717 quidam
604 691 730 711 Marcellinus
751 691 848 714 Paschal,

179 722 212 747 qui
226 721 284 741 alteri
298 721 379 741 factioni
398 723 487 748 praeerat
496 736 501 744 ,
516 722 553 741 sibi
572 722 681 741 vindicaret
702 722 732 741 ius
749 721 851 741 obtinendi

161 774 163 776 ¹
179 750 276 778 peculiare
290 752 399 777 gratuitum
414 758 514 771 scamnum
529 752 549 771 in
563 752 651 775 ecclesia,
667 752 739 779 eoquod
753 753 804 771 esset
818 752 853 771 do-

156 800 159 803 .
180 783 237 802 nator
251 783 339 808 princeps
353 782 396 805 soli,
406 782 426 801 in
440 788 477 807 quo
486 783 577 802 extructa
584 782 622 802 fuit
631 782 683 801 dicta
693 782 786 801 Ecclesia:
797 782 848 807 quod

180 813 210 832 ius
224 813 248 832 ab
262 819 300 832 uno
314 819 338 831 ex
352 819 368 831 s.
384 812 438 832 Petri
453 812 542 838 parochis
556 813 643 837 agnitum
655 812 695 838 ipsi*
706 811 778 835 fuerat,
794 818 852 837 paro-

180 843 227 863 chus
241 843 349 862 Ludovicus
363 843 385 862 ut
394 842 439 862 huic
449 843 488 862 iuri
497 843 606 865 obsisteret,
618 844 706 867 apertum
716 842 788 862 bellum
798 842 852 861 Mar-

179 873 250 893 cellino
264 873 345 892 indixit.
361 872 402 892 Res
416 874 482 892 autem
495 874 542 892 uota
556 874 598 892 erat
612 872 714 898 Episcopo,
729 873 763 898 qui
785 874 851 892 tamen

179 910 201 923 se
215 904 238 923 ad
252 903 288 922 hoc
302 903 393 926 coercuit,
409 903 482 929 utipsi
496 903 612 922 charitatem
622 905 643 922 et
652 903 773 922 dulcedinem
784 903 804 922 iu
814 903 852 922 hoc

142 953 145 956 ,
180 935 258 960 negotio
272 935 422 954 commendaret.
447 934 483 953 Ast
496 933 590 960 parochus
604 940 648 953 cum
662 934 774 960 accepisset,
797 933 848 952 Mar-

180 965 272 985 cellinum
286 964 390 983 nonnullas
405 962 467 983 minas
481 965 584 984 adversum
598 965 661 990 ipsum
676 964 787 990 protulisse,
803 963 852 989 Epi-

180 1002 237 1021 scopo
257 995 361 1014 rescribere
377 1000 415 1013 non
429 994 538 1014 dubitavit:
553 994 690 1014 Marcellinum
710 994 798 1020 prosequi
808 1000 810 1002 ·
819 1000 851 1013 oc-

180 1032 251 1051 cupare
264 1030 371 1048 scamnum,
387 1025 436 1050 quod
451 1024 548 1050 publicum
562 1031 603 1044 esse
617 1024 679 1044 eidem
689 1024 795 1047 declaravi,
806 1030 850 1043 cum
885 1033 888 1036 ⁴

180 1054 215 1075 ille
229 1061 274 1075 vero
289 1054 405 1074 monitiones
420 1055 556 1081 parvipendat,
576 1055 606 1074 ius
625 1055 673 1081 mihj
692 1054 776 1080 porrigit
795 1054 850 1073 diffe-

180 1086 236 1105 rendi
250 1085 389 1111 promotionem
403 1091 449 1105 suae
463 1085 515 1105 filiae
529 1085 553 1104 ad
568 1085 651 1111 primam
661 1081 822 1105 communionem.

206 1130 208 1132 -
221 1115 336 1135 Huiusmodi
351 1116 433 1142 epistola
446 1116 522 1141 syndici
536 1115 676 1141 subscriptione
695 1117 716 1134 et
736 1114 850 1141 municipali

180 1146 246 1172 sigillo
260 1146 390 1166 muniebatur:
406 1146 496 1172 syndicus
511 1146 563 1165 enim
577 1145 681 1165 factionem
688 1145 806 1165 Marcellino
817 1151 851 1170 op-
