917 1308
378 82 474 94 numnius.
708 76 710 78 “
740 76 762 92 75
782 97 785 100 ⁴

91 107 145 128 Maii
159 108 213 127 1877
228 107 258 134 (l)
272 107 364 130 decrevit,
380 113 416 132 quo
430 112 475 125 casn
489 103 541 126 certe
551 106 572 125 in
581 104 716 131 suffragiorum
726 111 762 124 nu-

91 139 199 158 meratione
212 138 229 157 is
244 143 281 157 non
295 138 425 163 computatur.
441 137 529 156 Iamvero
547 136 647 155 consimile
663 135 708 161 quid
727 135 763 154 ha-

90 169 147 188 betur
161 169 182 187 in
196 168 294 189 themate:
309 167 398 193 quamvis
411 167 464 187 enim
478 173 534 187 nemo
548 167 682 186 excluderetur
697 172 708 185 a
722 164 761 184 suf-

92 198 193 224 fragando,
209 198 291 224 quilibet
304 199 370 217 tamen
385 199 396 217 a}
411 199 455 217 voto
470 198 490 217 in
504 198 534 217 sui
549 197 635 216 favorem
650 196 725 215 edendo
736 202 761 215 ex

90 231 147 255 pacto
162 229 309 255 prohibebatur:
325 234 370 254 ergo
384 234 448 248 eoram
458 228 541 254 singulis
550 229 581 247 tot
589 229 646 247 erant
660 226 760 249 electores,
771 228 775 232 ”

89 261 136 285 quot
151 257 310 281 numerabantur,
321 265 359 278 uno
369 260 435 278 tamen
448 258 532 284 dempto.
544 258 596 284 Ergo
610 264 635 277 ex
648 259 714 284 aliqua
728 266 763 285 pa-

90 290 150 309 ritate
165 296 233 309 causae
247 289 318 309 similis
332 289 428 308 conclusio
443 290 507 314 posset
521 288 585 308 forsan
599 284 672 314 urgeri.
716 314 719 317 Δ

130 320 168 339 Sed
182 320 270 345 quamvis
284 325 341 345 super
355 319 390 338 hoc
404 320 519 344 argumento
528 319 589 338 nollet
599 319 681 338 ulterius
695 319 762 340 insisti

91 350 143 369 aliud
158 356 226 369 causae
240 349 322 369 fulcrum
341 355 379 368 non
400 349 482 369 deesset.
499 349 618 369 Recolantur
636 349 688 368 enim
703 349 762 368 verba

92 386 140 406 quae
155 381 175 399 in
192 380 229 399 fine
239 380 309 406 capitis
327 380 379 400 Cum
394 381 417 399 in
440 381 486 399 iure
506 380 609 406 leguntur:
629 387 639 399 ‹
650 380 712 405 Super
726 385 762 404 quo

93 418 103 429 »
118 410 186 430 taliter
199 411 341 436 respondemus,
357 410 406 436 quod
420 411 444 433 is,
455 411 488 436 qui
499 411 521 430 de
531 417 611 431 nurnero
620 412 693 437 septem
704 417 716 430 a
725 411 762 430 tri-

92 448 103 460 »
118 442 152 460 bns
167 441 251 467 ipsorum
266 441 386 466 dignoscitur
395 441 514 464 nominatus,
525 442 581 461 iuxta
590 442 722 467 compromissi
732 442 760 460 te-

94 479 103 490 ›
119 477 185 490 norem
199 471 254 491 debet
268 471 289 490 in
303 471 400 490 Deeanum
415 472 494 494 assumi,
511 472 613 491 dummodo
631 472 723 491 electioni
737 472 760 491 de

93 509 103 520 ›
118 508 138 521 se
153 501 215 521 factae
229 501 344 524 consentiat,
360 502 380 520 et
390 497 467 527 aliqnofl
477 502 589 521 canonicum
600 508 639 521 non
649 502 737 522 obsistat.
751 509 761 521 ›

127 532 189 551 Porro
195 531 282 550 sacerdos
289 530 414 557 Walczyns‘ki
420 532 518 551 consensit
528 532 656 552 nominationi
663 533 693 552 sui
701 533 762 558 ipsius

91 568 140 588 quae
154 568 167 581 a
180 562 252 581 duobus
266 562 310 581 aliis
325 562 376 581 facta
390 563 443 581 erat:
460 568 505 587 ergo
519 563 660 582 conclusionem
675 563 721 582 dicti
731 569 764 582 ca·

92 593 138 618 pitis
152 592 173 612 in
187 592 216 611 sui
231 591 316 611 favorem
331 592 417 612 invocari
431 599 485 618 posse
495 593 600 612 videretur.
612 593 677 619 Neque
687 593 763 613 dicatur

91 629 130 642 non
141 623 229 648 >potuisse
242 623 370 648 acceptationi
384 629 429 642 suae
443 629 520 642 sensum
541 623 583 642 veri
604 623 693 649 suffragii
707 623 760 646 dare,

90 659 150 678 quum
164 659 176 672 a
190 652 281 678 suffragio
299 653 320 672 in
334 653 363 672 sui
385 652 471 672 favorem
492 652 569 672 ferendo
591 654 724 679 prohiberetur
737 659 762 672 ex
774 678 776 680 ‚

91 685 158 709 pacto;
174 683 327 709 quandoquidem
342 685 405 709 posset
419 684 513 706 subsumi,
525 685 602 709 pactum
613 684 661 703 illud
675 683 760 708 intelligi

65 712 68 714 '
91 714 114 733 de
129 713 222 738 suffragio
236 719 274 732 non
294 712 357 732 dando
377 713 414 733 sibi
430 713 451 732 in
468 714 540 733 secreto
561 714 666 736 scrutinio,
682 714 762 733 minime

91 750 137 763 vero
151 744 175 763 de
189 743 227 763 alio
242 749 275 769 per
289 744 341 762 viam
355 743 469 763 accessionis
487 744 596 763 tribuendo.
611 743 638 763 Et
652 744 699 763 haec
717 750 762 769 sup-
778 741 780 744 ⁴

91 774 162 800 positio
182 774 281 793 videretur
299 774 337 793 niti
351 773 473 799 generalibus
490 774 598 799 principiis,
614 774 663 799 quod
675 781 684 792 σι
695 774 716 793 in
730 775 763 794 ol>

92 812 102 822 »
118 804 179 823 scuris
193 804 242 829 quod
257 804 358 823 minimum
373 805 402 823 est
412 804 515 823 tenendum
528 812 537 822 »
548 803 579 823 vel
591 810 600 822 «
612 810 650 823 non
660 805 690 823 est
700 804 764 830 impo-

92 842 102 853 ›
118 834 181 854 nenda
194 834 288 859 obligatio
302 834 340 853 nisi
354 834 377 853 de
391 840 414 854 ea
427 836 480 853 certo
494 835 576 853 constet.
591 841 600 852 ›

131 864 186 887 Quod
196 865 212 884 si
222 865 336 890 opponatur,
352 864 523 893 praescriptionem
533 864 603 890 capitis
619 864 671 884 Cum
681 866 705 883 in
716 866 762 884 iure

92 896 148 914 extra
162 895 319 920 compromissum
334 900 372 914 non
386 894 458 917 valere,
475 896 509 914 aut
523 894 552 913 sin
567 894 631 913 minus
645 900 683 913 non
697 894 762 914 valere

93 925 112 944 in
126 925 253 945 electionibus
267 925 340 944 secreto
360 924 440 949 agendis
461 931 500 950 per.
516 924 639 948 scrutinium,
656 926 678 944 ut
698 926 728 944 est
741 925 762 946 in

92 961 137 974 casu
151 955 282 981 deputationis
296 955 365 974 vicarii
379 955 501 980 capitularis,
516 955 555 974 iam
570 956 634 980 posset
652 955 762 980 responderi

91 986 110 1004 id
125 992 164 1005 non
178 992 220 1004 esse
234 991 276 1004 cnm
291 985 344 1004 omni
358 985 406 1004 iuris
420 985 538 1005 certitudine
554 986 650 1004 statutum
661 999 666 1008 ,
682 991 704 1004 ac
718 985 762 1005 sub-

91 1016 160 1035 sistere
174 1022 196 1035 ea
211 1015 266 1041 plura
279 1015 362 1041 qnae'in
377 1015 438 1034 citata
460 1015 562 1034 Venter-na
583 1015 614 1034 vel
635 1014 696 1034 fusius
717 1017 763 1034 sunt
783 1021 785 1023 ’

90 1046 184 1071 allegata,
194 1046 244 1065 unde
254 1045 341 1065 concludi
349 1046 434 1068 deberet,
441 1045 510 1065 saltem
520 1046 541 1064 in
551 1051 628 1071 genere,
638 1045 693 1064 litem
700 1045 763 1064 adhuc

91 1077 126 1096 sub
140 1077 203 1097 iudice
218 1083 266 1096 esse.
279 1091 282 1094 .

131 1107 205 1129 Quibus
219 1107 308 1126 omnibus
321 1107 427 1132 perpensis,
443 1106 561 1132 propositum
574 1105 612 1125 fuit
622 1106 734 1125 diluendum

127 1150 148 1169 (ι)
158 1151 204 1164 imm
213 1150 249 1163 imm
259 1150 356 1167 qun-tationem
365 1150 397 1163 voi.
407 1150 425 1166 x,
436 1150 467 1163 πε.
