917 1308
182 60 213 77 1³8
470 64 555 77 novum«.

180 89 223 108 tum
237 95 292 108 sumn
306 88 415 114 erigendae,
430 89 506 108 adiecta
520 88 637 112 conditione,
648 89 704 115 quod:
721 97 730 108 ‹
741 89 768 108 sit
777 91 797 109 et
806 95 847 109 esse

183 126 193 138 ›
203 119 271 139 debeat
284 119 308 138 de
322 119 478 145 iurepatronatus
491 119 519 139 M.
531 119 558 139 B..
569 125 604 145 pro
617 120 703 145 tempore
717 120 777 145 ipsius
789 119 848 139 colle-

183 156 193 168 ›
205 150 269 175 giatae
283 149 395 175 praepositi,
411 155 485 169 necnon
493 150 571 169 Domini
580 149 608 169 Io.
619 149 720 175 Baptistae
731 149 847 175 Alberganti

185 187 195 198 ›
205 185 224 205 q.
240 179 317 198 Horatii
326 180 346 198 et
355 178 489 205 Christophori
499 180 589 205 nepotum
597 186 621 199 ex
631 179 723 199 fratribus
730 179 846 205 Alberganti

183 217 192 229 »
202 215 222 235 q.
237 209 341 229 Secundini
354 209 439 228 eiusdem
453 209 530 229 Domini
544 209 653 235 Praepositi
667 211 757 235 nepotum
772 216 796 229 ex
808 210 848 229 fra-

183 246 192 257 ›
203 239 273 262 tribus,
288 245 323 258 nec
336 244 374 258 non
388 245 454 258 eorum
468 239 624 259 descendentium
634 240 762 259 masculorum
777 242 797 260 et
807 240 847 266 pri-

183 276 192 288 >
202 269 344 297 mogenitorum
357 275 379 289 ae
392 275 426 295 per
440 270 612 295 primogenituram
623 271 642 289 et
656 276 694 289 non
708 276 742 295 per
749 270 823 296 eapitis.
836 277 846 288 ›

221 298 293 319 Volens
307 299 382 322 deinde,
397 305 448 319 anno
464 299 529 323 1624,
544 301 567 319 ut
581 299 689 325 praefatum
707 301 846 319 testamentum

181 330 222 350 vim
235 328 290 350 suam
304 330 458 350 irrevocabiliter
471 332 567 353 exereret,
578 331 624 350 dum
638 331 678 356 ipse
693 330 754 350 adhuc
763 331 785 350 in
794 330 848 350 vivis

181 361 238 384 esset,
253 367 265 380 a
279 360 354 386 publico
368 361 444 380 notario
462 366 530 386 rogare
547 360 597 380 illud
618 360 671 384 fecit,
691 367 713 380 ac
732 361 752 381 in
771 360 848 386 publico

181 391 310 410 instrumento
323 391 415 414 inserer&
430 391 526 416 simulque
543 391 628 410 obtinuit
649 392 671 410 ut
689 390 804 410 Ordinarius
824 391 847 410 sd

181 421 285 441 solemnem
294 420 382 440 beneficii
391 421 506 440 erectionem
517 426 567 440 anno
573 418 630 440 ‘1625
639 421 746 444 deveniret,
758 421 779 440 in
789 427 849 446 eoque

181 451 253 470 Iulium
267 451 352 474 Oranus,
367 457 379 470 a
399 451 462 476 seipso
478 450 540 476 prima
558 451 601 470 vice
618 452 770 476 praesentatum,
791 451 849 470 insti-

182 482 253 501 tueret.

221 511 269 530 Post
282 510 337 533 haec,
352 510 443 533 alterum,
459 516 510 530 anno
526 510 584 533 1630,
599 511 738 530 testamentum
756 510 847 534 confecit,

180 547 217 567 quo
230 540 327 566 praefatas
340 540 474 566 dispositiones
488 547 512 560 ex
526 541 581 566 parte
590 540 719 563 confirmavit,
727 542 747 560 et
756 547 781 560 ex
793 542 849 567 parte

181 571 287 597 explicavit
299 570 331 591 vel
341 571 459 590 immutavit.
475 571 498 590 In
512 571 580 596 primis
594 571 645 590 enim
659 571 737 594 statuit,
753 571 803 596 quod
811 577 849 595 vox

181 601 260 627 parochi
274 607 308 627 pro
321 602 406 626 tempore
420 602 470 620 esset
483 601 592 620 cousultiva
605 602 682 620 tantum
691 615 696 623 ,
712 601 741 620 ita
755 602 777 620 ut
793 601 849 621 nulla

181 632 231 651 esset
245 631 338 657 obligatio
351 631 412 657 ipsam
426 631 448 650 in
461 631 523 656 pretio
537 630 627 650 habendi.
643 630 727 650 Subinde
741 637 787 650 vero
809 632 849 651 tres

181 662 243 681 lineas
256 661 372 681 constitutas
386 661 450 681 voluit
463 667 505 680 cum
520 667 559 680 una
572 667 618 680 voce
632 661 653 680 in
667 661 753 687 qualibet
762 661 849 687 ipsarum
876 659 878 662 ’

181 692 205 711 ad
219 691 307 711 effectum
321 691 467 711 nominationis,
478 691 558 717 Insuper
571 691 632 714 cavit,
644 692 666 710 ut
675 691 691 710 si
701 691 850 717 extingueretur

181 728 220 741 una
233 721 292 745 linea,
307 722 430 741 remanerent
443 721 492 740 duae
506 720 568 740 lineae
582 722 602 740 et
616 721 664 740 duae
680 727 738 741 ,voces
758 721 782 740 ad
804 722 850 741 effe-

181 753 233 771 ctum
247 751 410 777 iurispatronatus
424 751 445 770 in
459 751 601 776 superstitibus:
617 750 633 770 si
647 749 746 770 cessarent
759 752 810 771 duee
823 752 849 771 h-

181 788 236 805 neae,
252 783 298 801 tunc
312 782 342 801 ius
355 781 471 801 solidaretur
485 781 506 800 in
520 780 572 800 linea
585 782 605 800 et
618 781 748 806 primogenito
759 781 849 801 Christo-

181 811 250 838 phori:
265 811 314 837 quod
335 811 352 831 si
373 811 432 831 etiam
453 811 589 830 descendentis
601 811 722 836 cristophori
735 813 846 835 ·aresceret,

182 841 245 861 voluit
260 843 283 861 ut
303 841 399 861 masculus
417 847 441 860 ex
460 840 541 866 quodam
562 841 662 860 Ambrosio
676 842 791 865 vocaretur,
812 848 850 867 quo

182 872 290 895 deficiente,
310 869 412 891 substituit
428 871 579 897 primogenitum
599 871 695 896 quondam
712 871 807 895 Davidis,
829 873 849 891 et

181 902 202 921 iu
216 902 258 922 eius
272 902 334 921 locum
348 901 500 927 primogenitum
519 900 665 920 descendentem
686 907 710 920 ex
727 902 754 921 M.
770 901 849 927 Agosti-

181 938 206 952 no
226 938 269 952 eum
290 932 378 951 omnibus
398 931 540 956 conditionibus
560 930 648 956 superius
666 931 768 956 expressis.
790 931 848 951 Hisce

181 962 246 981 sutem
260 962 348 981 omnibus
367 961 465 987 prohibuit
482 960 588 986 quamlibet
606 960 743 980 alienationem
762 963 804 980 tam
825 968 848 981 ex

181 992 316 1014 conventione,
338 997 395 1017 quam
409 997 433 1010 ex
447 992 492 1010 actu
510 991 590 1010 ultimae
609 990 716 1010 voluntatis
733 991 849 1017 provenien-

181 1023 229 1045 tem,
244 1022 273 1041 ita
286 1023 309 1041 ut
322 1021 360 1044 illi,
373 1021 406 1046 qui
420 1021 480 1046 ipsius
493 1021 590 1040 voluntati
606 1020 753 1044 contradiceret,
764 1022 848 1047 agnatus

180 1052 285 1078 proximior
299 1053 319 1071 et
337 1051 398 1077 ipsius
419 1050 553 1071 descendentes
574 1051 744 1070 substituerentur.
767 1051 848 1071 Addidit

181 1082 257 1101 demum
271 1083 361 1105 testator,
376 1081 425 1106 quod
439 1081 455 1100 si
469 1083 543 1100 omnes'
555 1081 617 1100 lineae
638 1081 725 1106 superius
741 1082 846 1101 recensitae

181 1112 291 1135 deficerent,
302 1111 410 1131 huiusmodi
419 1110 573 1137 iuripatronatus
582 1110 609 1130 R.
621 1110 733 1136 Capitulum
743 1111 790 1131 dicti
799 1111 847 1131 Am-

181 1142 240 1162 brosii
254 1142 318 1168 oppidi
335 1141 426 1168 Omeymz
439 1141 555 1162 succederet.
