917 1308
365 65 462 78 nnuovmx.
671 62 673 64 ’
727 63 747 79 7³

76 97 116 110 non
137 91 241 110 haberetur
257 96 360 110 concursus
382 90 519 115 suffragiorum>
538 97 596 116 supra
612 91 748 114 medietatem,

77 121 98 147 S.
107 121 161 140 Rota
170 127 204 147 pro
218 121 310 140 nullitate
320 121 420 140 electionis
429 121 493 143 stetit,
504 120 551 140 haec
560 120 689 144 considerans,
700 127 749 147 quae

77 152 102 171 ad
116 158 157 171 rem
170 153 290 177 praesentem
307 151 384 177 plurimi
395 151 481 170 faciunt:
636 160 640 163 ν

120 188 130 200 ‹
146 181 247 207 Explorati
263 181 333 207 quippe
347 181 396 200 iuris
409 182 439 200 est
453 181 502 207 quod
517 182 539 201 ut
555 181 623 201 electio
639 174 660 201 in
681 182 750 201 scruti-

78 212 112 231 nio
129 213 203 231 secreto
219 212 295 231 dicatur
311 209 410 231 'canonice
423 213 505 237 sequuta
521 212 628 237 requiritur
647 218 750 232 concursus

78 242 175 262 vocalium
192 248 250 268 supra
266 242 397 261 medietatem.
415 242 467 261 Rota
481 249 548 261 coram
563 242 644 261 Παπαῖ.
658 242 707 262 Iun.
719 243 751 262 de-

79 274 115 292 cis.
128 273 170 292 214
184 279 206 291 n.
224 273 247 295 3;
261 278 329 291 coram
346 272 423 297 Coccin.
441 272 500 292 decis.
518 273 569 292 1481
585 279 644 293 num.
663 273 676 292 9
688 279 751 299 seqq„-

79 305 98 322 εί
112 309 180 322 coram
195 302 305 322 Benmoas.
317 302 376 322 decis.
391 303 428 322 111
440 309 462 322 n.
477 302 498 321 8⁴
510 302 558 324 Cum
568 303 604 322 hoc
618 304 691 326 tamen,
702 303 752 328 quod

79 333 97 352 si
111 333 180 353 electio
192 334 283 358 sequatur
297 333 318 352 in
333 339 414 358 persona
428 333 485 352 unius
500 339 524 352 ex
533 333 657 358 eligentibus,
673 333 752 353 subduci

79 364 148 383 debeat
162 365 230 382 votum
245 363 305 388 ipsius
318 359 374 382 electi
391 363 414 382 de
429 369 509 382 numero
524 363 667 388 suffragiorum,
683 365 705 383 ut
719 369 752 389 per

79 395 156 413 textum
172 394 193 413 in
207 399 250 419 cap.
264 393 359 412 Cumana
376 393 405 413 De
423 394 477 413 elect.
493 394 548 413 docet
566 393 636 413 ibidem
653 393 722 413 Glossa
731 400 750 413 v.

80 424 108 444 ad
121 426 221 443 maiorem
234 426 338 449 partem...
343 424 429 443 ‚Abbas
450 430 510 443 num.
529 424 571 443 10..
585 423 684 449 .Pirhing
698 424 712 443 l.
731 424 752 446 1

80 456 113 473 tit.
127 454 141 473 6
157 457 203 473 sect.
221 454 235 473 4
246 455 271 479 g
288 454 308 475 3
326 460 386 473 num.
398 454 444 473 181.
455 454 482 473 Et
491 455 580 479 quamvis
591 454 639 474 haec
652 454 753 474 subductio

80 485 138 504 unius
152 484 240 509 suffragii
255 484 363 503 necessaria
373 490 411 503 non
421 484 500 507 sitssubi
510 485 562 504 certo
579 485 654 504 constet
670 478 752 504 electum

81 515 118 534 sibi
132 515 170 548 ipsi
187 511 300 539 suffragium
315 520 354 533 non
369 514 457 537 dedisse
473 516 561 534 attamen
575 520 617 533 cum
635 515 681 534 haec
696 514 754 534 certi-

81 545 127 565 tudo
142 545 163 564 in
175 544 272 570 praesenti
289 550 327 564 non
341 544 443 568 habeatur,
458 551 483 564 ex
492 551 529 570 quo
543 551 578 564 nec
594 551 659 564 omnes
674 545 754 564 schedu-

81 576 120 598 lae,
138 581 173 594 nec
187 575 223 594 illa
235 570 295 600 ipsi'us
310 574 366 594 electi
383 574 442 594 fuerit
463 576 484 594 in
502 581 525 594 ea
546 576 601 601 parte
622 577 689 600 aperta
705 581 754 600 quae

81 606 170 625 continet
184 605 262 625 nomina
280 605 403 630 eligentium,
418 611 493 631 semper
509 606 585 625 obstare
597 605 697 625 dicendum
712 606 755 624 erat

83 636 163 656 dubium
182 635 231 661 quod
252 635 304 655 inter
322 635 374 654 dicta
395 641 465 655 novem
487 635 580 661 suffragia
601 635 686 655 adfuerit
706 635 755 654 illud
771 635 784 661 .-

82 667 144 692 ipsius
158 666 257 685 Ramirez.
274 665 372 685 Passerin.
390 666 420 685 De
437 667 490 685 elect.
509 672 552 691 cap.
571 666 598 685 10
614 672 674 685 num.
690 665 751 685 790..

82 696 196 722 Pasqualig.
215 697 295 717 Quaest.
311 696 383 715 moral.
394 699 472 721 quaest.
484 702 544 715 num.
555 697 580 719 32·
590 696 648 716 Gard.
659 696 687 715 De
702 696 755 715 Luce.

83 726 113 746 De
126 726 194 752 reyul.
210 726 291 752 discept.
307 726 334 745 53
350 732 410 745 num.
431 727 470 749 18;
484 726 550 745 Piton.
568 727 649 752 discept.
667 726 711 745 eccl,
728 725 755 745 94

83 764 144 777 num.
162 756 195 778 19,
211 759 225 775 t.
241 757 266 779 8;
278 758 298 775 et
313 756 392 782 proinde
406 757 430 776 ad
440 756 579 776 excludendam
593 756 701 776 huiusmodi
712 762 755 782 pos-

83 787 199 807 sibilitatem
213 790 289 806 necesse
303 787 340 810 est,
351 787 400 812 quod
410 787 447 807 duo
457 788 502 807 vota
512 794 569 813 supra
579 787 702 806 medietatem
712 793 755 806 con-

69 817 171 837 'currant
189 825 198 836 >v
598 815 602 819 '

123 848 214 870 Demum,
229 847 305 866 omissis
319 853 392 873 quoque
413 847 551 871 citationibus,
567 849 597 867 est
611 849 754 873 argumentum,

83 885 108 898 ex
121 884 159 904 quo
173 879 216 897 tuto
230 877 313 897 resultat
322 884 388 897 omnes
402 878 443 897 DD.
455 878 476 897 in
486 878 521 897 hoc
535 874 636 898 concordes
657 878 752 901 existere,

84 911 107 929 ut
121 908 196 928 seilicet
215 908 325 933 requiratur
346 908 446 927 maioritas
467 908 555 928 absoluta
575 909 660 928 omnium
679 914 756 934 prorsus

84 939 223 965 praesentium,
239 939 261 957 ut
274 938 343 957 electio
357 938 422 957 valide
434 940 515 964 sequuta
524 939 607 958 dicatur.
618 938 715 964 Siquidem
726 944 756 957 ce-

83 969 143 989 lebris
157 970 187 988 est
201 968 287 993 quaestio
301 969 321 987 et
335 968 387 988 inter
401 969 511 988 canonistas
525 969 608 988 multum
623 969 754 991 controversa}

84 1005 132 1019 num
147 999 222 1018 scilicet
236 1000 315 1018 vocatus
330 999 351 1018 in
366 999 449 1025 paritate
470 999 609 1025 suffragiorum·
628 1000 687 1025 possit
701 999 722 1018 in
736 1005 757 1018 se

85 1030 149 1056 ipsum
164 1031 231 1049 votum
245 1036 301 1049 suum
315 1031 434 1053 convertere,
446 1031 473 1053 et,
485 1030 562 1049 excluso
572 1036 617 1049 casu
627 1030 650 1049 de
663 1030 757 1049 electione

85 1060 165 1086 propria
186 1066 208 1079 ac
221 1059 302 1079 solemni
324 1060 380 1085 iuxta
400 1059 481 1079 formam
503 1066 547 1085 cap.
565 1060 619 1081 Quia
631 1063 722 1087 propter,
737 1059 758 1078 in

86 1090 156 1110 ceteris
165 1090 241 1109 casibus
255 1090 290 1109 alii
304 1090 325 1109 in
343 1092 455 1115 negantem,
467 1089 502 1109 alii
512 1090 531 1109 in
542 1090 670 1110 affirmantem
680 1092 758 1109 senten-

86 1121 136 1140 tiam
150 1121 229 1140 abeunt.
245 1121 288 1146 Age
302 1126 354 1143 vero,
370 1120 387 1139 si
401 1120 418 1139 is
432 1120 453 1139 in
467 1126 523 1145 quem
537 1120 629 1140 electores
643 1120 756 1143 decernunt,

86 1151 157 1177 quique
171 1152 201 1170 est
215 1157 304 1177 praesens
313 1165 318 1174 ,
334 1150 384 1170 foret
397 1150 527 1170 detrahendus
536 1164 541 1174 ‚
557 1157 578 1170 ac
592 1151 693 1170 maioritas
707 1156 758 1169 com-
