917 1308
373 73 458 88 normias.
715 72 746 88 ¹4³

78 100 110 119 ius
125 99 237 119 nominandi
252 100 367 119 reservetur.
383 100 427 119 Ideo
441 100 493 119 enim
508 101 552 126 post
565 100 673 120 nominatos
691 100 748 120 Ioan-

77 136 123 149 nem
138 127 247 155 Baptistam
261 131 281 149 et
295 129 465 156 Christophorum,
480 130 560 150 tertium
581 130 659 153 adiecit,
675 130 747 150 Lucam

77 165 156 185 nempe,
171 161 228 185 atque
242 160 322 179 subinde
336 160 417 183 addidit,
432 160 483 179 idem
497 160 527 179 ius
543 160 627 179 transire
641 160 665 179 ad
679 167 746 180 secun-

76 186 191 215 dogenitum
206 189 284 215 eiusque
298 190 433 209 descendentes
446 196 491 209 cum
505 190 587 209 aliorum
601 190 718 214 exclusione,
730 191 746 210 si

78 219 221 245 primogenitus
235 219 267 239 vel
279 220 304 239 ab
318 226 340 239 eo
354 220 491 239 descendentes
504 220 574 245 absque
588 219 635 239 filiis
656 221 747 240 masculis

77 249 191 269 deficerent.
206 249 232 269 Et
248 250 299 269 hisce
313 250 400 270 omnibus
415 249 472 269 lineis
486 250 625 273 deficientibus,
641 251 747 270 successive

79 280 159 299 vocavit
173 279 234 299 lineas
248 279 329 299 aliorum
343 281 435 306 nepotum
449 281 496 300 tunc
510 280 643 300 existentium.

121 309 220 329 Inutiliter
234 309 362 333 obiiceretur,
378 310 402 329 de
415 310 534 330 successione
547 311 568 330 in
589 313 670 336 agnatos
688 311 747 330 testa-

78 341 142 360 torem
156 346 231 365 semper
244 340 344 365 loquutum
359 339 425 363 fuisse,
440 346 501 366 neque
514 346 598 366 unquam
619 340 642 360 de
660 341 747 366 cognatis

78 376 187 390 sermonem
201 370 297 393 habuisse;
313 370 386 390 etenim
406 376 430 389 ex
451 376 473 389 eo
493 370 543 396 quod
562 377 650 396 expresse
671 370 690 390 id
709 376 747 390 non

77 400 192 423 excluserit,
208 400 246 419 iam
260 401 337 426 propter
351 400 452 426 sanguinis
466 406 549 420 amorem
564 406 596 420 eos
609 406 682 426 quoque
696 406 748 420 com—

79 430 173 456 prehendi
193 430 276 449 voluisse
294 430 429 449 affirmandum
447 431 484 450 est.
505 430 583 450 Pariter
600 436 661 456 neque
681 430 745 453 dieas,

79 460 221 483 institutorem,
239 460 371 480 deficientibus
385 460 442 480 lineis
455 467 467 480 a
480 467 501 480 se
514 461 626 484 nominatis,
641 461 747 486 capitulum

79 489 187 509 Eumeniae
201 490 306 513 vocavisse,
322 490 400 515 ideoque
415 491 457 516 post
471 492 553 516 agnatos
566 496 605 510 non
615 491 656 510 fleri
666 490 747 516 gradum

77 520 104 539 ad
118 522 217 545 cognatos,
233 520 265 539 sed
279 519 303 539 ad
316 520 430 546 capitulum.
446 520 581 546 Respondetur
601 521 653 540 enim
672 517 748 548 capitu-

80 550 122 574 lum
140 550 246 570 Eumeniae
264 550 333 570 ultimo
351 551 393 570 loco
406 550 484 573 venire,
503 552 547 576 post
560 551 655 570 extinctos
672 557 746 574 omnes,

80 580 122 600 sive
136 576 296 606 cognatos,'sive
311 582 399 606 agnatos.
415 580 473 606 quue
487 586 508 600 eo
522 580 554 600 vel
575 581 637 606 magis
657 581 745 604 suaderi,

78 617 125 630 cum
139 611 240 630 institutor
254 610 356 636 aliquando
371 611 434 634 dicat,
454 611 484 630 ius
502 611 554 630 vocis
575 611 670 630 asservari
688 617 746 636 usque

78 640 127 660 dum
140 640 192 659 adsit
209 639 280 666 aliquis
298 640 321 660 de
339 640 485 660 descendentia.
505 640 578 662 Quibus
596 640 659 660 verbis
677 640 746 660 saltem

78 670 163 696 benigne
177 670 282 689 intellectis
300 670 343 696 (ceu
357 670 465 690 faciendum
484 671 505 690 in
522 670 575 690 hisce
595 670 662 690 suadet
680 670 747 696 regula

78 700 131 726 quod
144 700 223 725 favores
236 703 286 719 sunt
299 700 416 726 ampliandi
429 703 447 720 et
460 700 506 719 odia
520 700 671 726 restringenda)
692 700 747 720 indu-

79 730 134 750 bium
148 730 225 750 videtur
238 732 330 755 cognatos
343 736 417 756 quoque
431 730 533 756 indigitari
542 731 563 750 et
576 730 718 756 comprehendi.

122 760 187 785 Neque
201 760 221 779 in
235 760 304 780 maiori
314 760 376 786 pretio
385 760 473 780 habenda
481 766 522 779 esse
535 766 565 783 ea,
576 766 625 786 quae
633 767 657 780 ex
667 760 747 780 adverso

78 792 195 810 asseruntur
212 790 286 810 scilicet
304 792 389 811 mentem
407 790 525 810 institutoris
543 790 602 810 fuisse
620 790 708 810 taxative
726 791 747 810 et

78 819 180 839 exclusive
193 820 217 839 ed
229 821 311 845 agnatos
321 820 350 839 ius
360 820 473 839 nominandi
482 825 588 843 reservare,
597 826 621 839 ex
634 826 656 840 eo
665 820 715 846 quod
726 820 747 840 in

72 851 198 869 *testamento
212 850 258 869 anni
274 850 325 870 1630
339 850 379 876 ipse
389 850 534 876 praescripserit
547 850 667 869 huiusmodi
678 852 747 876 iaspa—

78 883 175 900 tronatus
185 880 292 906 personale
302 882 442 906 primogeniti.
453 880 484 900 vel
498 881 686 906 primoqenicorum
707 886 747 899 esse

79 910 157 930 debere.
172 910 221 930 Cum
235 910 287 930 euim
301 911 342 936 ipse
356 910 457 929 institutor
467 910 488 929 in
497 910 563 929 eodem
572 911 689 929 testamento
698 910 748 929 adii-

78 941 121 960 ciat
135 941 185 960 idem
199 941 229 960 ius
243 941 326 960 transire
340 941 364 960 ad
378 940 460 960 secundo
474 940 561 965 genitum
575 940 660 966 aliosque
674 939 746 966 plures,

79 971 99 990 si
112 970 349 997 primogenitusdeficiass
365 966 439 990 obie‘cta
452 970 511 990 verba
525 970 560 989 hoc
578 976 635 990 sensu
653 971 699 990 sunt
717 970 747 989 in—

79 1001 194 1026 telligenda,
209 1000 259 1026 quod
272 1000 347 1020 scilicet
365 1001 509 1026 iuspatronatus
528 1000 627 1026 proprium
645 1000 672 1020 sit
690 1000 747 1020 unius

79 1036 180 1057 personae,
196 1031 216 1050 et
229 1030 262 1054 sic·
270 1030 394 1056 primogeniti
403 1043 408 1053 ‚
424 1036 484 1055 usque
497 1030 542 1049 dum
557 1030 598 1049 eius
611 1029 746 1049 descendentia

78 1060 182 1084 subsistat,
197 1060 241 1080 dein
255 1066 300 1080 vero
314 1060 398 1080 transire
415 1061 440 1080 ad
458 1060 540 1080 secundo
558 1060 620 1086 geniti
638 1060 708 1079 lineam
728 1061 748 1079 et

78 1091 109 1112 ita
124 1096 187 1116 porro.
203 1090 274 1110 Eodem
289 1090 363 1116 pariter
376 1091 431 1110 modo
444 1090 559 1116 explicanda
572 1096 614 1110 esse
627 1090 667 1109 alia
680 1090 746 1113 verba,

77 1120 150 1146 quibus
164 1120 276 1146 prohibetur
289 1120 418 1146 primogenito
431 1120 462 1140 ius
475 1126 531 1139 suum
545 1119 580 1139 alii
599 1120 659 1140 etiam
677 1119 700 1139 de
719 1119 749 1139 fa-

79 1150 137 1170 milia
151 1151 193 1176 ipsa
207 1150 339 1176 Albergnntis,
354 1150 437 1170 vendere
446 1151 481 1170 aut
490 1150 631 1178 quomodolibet
638 1150 746 1170 concedere.
