917 1308
368 70 745 87 novumn-142*

74 99 97 119 ut
110 84 219 126 signantius
237 100 351 124 patronatus
371 99 476 133 aliquando
496 98 551 118 fleret
571 100 689 124 cognatitius
709 100 746 119 aut

73 128 224 148 haereditarius.
239 128 281 150 Quo
295 128 364 154 posito,
380 135 457 149 causam
471 129 510 148 iam
525 130 600 149 oratam
614 136 654 149 esse
668 129 743 153 subdit,

73 165 118 178 cum
131 159 305 185 oompertissimum
315 159 349 182 sit,
360 159 502 179 Bemardinum
512 158 620 179 Caeciatori
629 158 744 179 extraneum

72 189 152 209 omnino
165 195 206 208 esse
226 188 284 209 lineis
304 189 328 209 ad
348 189 494 215 iuspatrouatus
507 190 595 213 vocatis3
614 189 704 209 Pitonius
719 190 746 209 de

75 218 168 238 Controv.
184 218 270 238 Patron.
286 219 345 245 alley.
361 219 389 238 75
403 226 425 239 n.
440 219 463 238 8:
479 226 488 237 ι
497 220 572 239 Posteri
587 221 607 239 et
626 226 744 239 suocessores

75 256 85 267 »
96 248 180 268 feminae
194 255 231 268 non
245 250 325 275 possunt
339 255 379 268 esse
395 249 470 275 agnati,
486 256 529 269 cum
543 250 585 276 ipsa.
594 250 620 270 sit
629 250 673 269 finis
682 256 746 276 agna-

75 286 85 297 ›
96 279 156 298 tionis
169 280 189 298 et
202 279 320 305 principium
333 279 468 305 cognationi53
484 279 537 299 Rota
551 280 572 299 in
585 279 689 300 Fir-mana
707 279 746 299 Iw-

74 316 85 328 ›
96 310 147 335 risp.
163 308 191 328 15
204 309 243 328 dea.
260 308 316 329 1702
329 309 349 334 ἓ.
365 309 434 335 quue
452 310 536 335 fortius,
558 311 578 330 et
598 310 619 329 in
642 310 743 336 Oppiden.

74 346 85 357 ›
96 337 171 364 Benef.
187 338 267 365 71Maii
282 338 337 358 1708
351 340 370 365 ἓ.
386 339 453 359 Prouc
467 346 508 359 non
522 340 583 360 obstat
596 346 636 359 cor.
651 340 716 360 Muto.
731 347 743 359 >

113 368 177 388 Extra
190 369 341 389 controversiam
351 376 399 392 esse,
411 370 479 389 deinde
493 371 550 396 urget
564 371 636 394 orator,
646 371 690 396 post
699 376 746 390 sen-

74 400 159 419 tentiam
173 400 207 419 sub
221 400 279 419 finem
293 400 340 419 anni
351 399 402 420 1847
412 406 424 419 a
431 399 491 420 curia
502 400 615 420 vercellensi
625 400 699 420 editam
708 406 745 419 ne-

72 430 146 449 minem
161 429 244 456 amplius
253 429 319 453 fuisse,
330 430 363 456 qni
373 436 384 449 a
393 430 464 450 Ioanne
479 429 569 456 Baptista
582 436 661 450 eausam
670 430 745 450 habere

73 466 94 479 se
104 459 194 483 iactaret,
202 460 272 485 quique
286 460 426 480 oontradieeret
435 460 544 486 praeposito
554 460 637 480 Bracehi
644 462 745 486 tamquam

73 490 152 509 unicum
167 491 269 516 patronum
283 496 303 509 se
317 490 399 515 gerenti
421 490 483 510 Extra
503 491 654 510 controversiam
674 490 743 520 itidem

73 526 122 543 esse,
141 520 254 540 hodiernum
269 521 398 547 praepositum
412 520 489 540 Ronchi
503 521 524 540 in
538 521 648 547 incoeptum
662 527 681 540 a·
687 520 745 546 prae-

74 550 173 570 decessore
183 550 264 570 Branchi
273 551 380 577 perrexisse
389 551 458 576 absque
468 550 528 570 ullius
537 550 676 574 aemulatione,
685 551 746 576 atque

73 581 154 601 subinde
168 581 276 601 nominasse
289 582 422 607 presbyterum
439 581 499 604 Galli,
517 582 549 607 qui
568 581 601 601 diu
622 587 644 601 ae
664 581 745 607 pacifice

72 611 188 631 beneficium
201 611 285 637 possedit
299 617 358 637 usque
371 611 396 630 ad
409 617 482 631 annum
498 611 556 634 1884,
571 617 608 637 quo
626 611 688 630 eidem
708 617 746 630 va—

74 641 153 662 ledixit.

114 671 172 691 Hisce
186 671 261 697 positis,
277 672 447 697 praescriptionem
461 671 553 694 invocat,
569 671 594 691 ad
611 677 669 697 quam
686 671 745 690 indu-

72 702 154 722 cendam
168 702 187 720 et
201 701 333 727 complendam
347 701 433 721 sufficere
447 702 523 727 tempus
536 701 656 720 ordinarium
666 702 686 721 et
699 701 746 720 uni—

72 738 116 751 cam
126 732 301 757 praesentationem
310 737 354 751 cum
364 731 440 754 effectu,
450 731 539 750 Ferraris
551 731 573 751 V.
585 730 743 757 Iuspatronatux

73 765 114 782 art.
132 762 144 781 1
159 769 181 782 n.
197 762 224 781 39
238 765 257 781 et
270 761 305 781 44.

114 792 176 814 Quam
190 792 361 818 praescriptionem
375 791 437 816 magis
451 797 473 810 ae
487 791 550 816 magis
563 791 669 816 urgendam
685 792 745 816 putat

72 823 94 842 in
108 822 202 845 themate,
220 822 266 847 qnia
286 828 329 841 cum
350 821 442 847 praefatis
462 821 626 841 nominationibus
646 822 666 841 et
686 821 741 847 lapsu

73 852 113 872 fere
126 852 153 871 40
167 858 261 871 annorum
274 852 345 871 nedum
359 852 408 871 bona
422 851 469 870 fides
483 851 587 874 concurrit,
598 857 666 871 verum
681 851 741 870 etiam

71 882 160 902 coactiva
173 882 258 907 qualitas
272 883 291 902 et
305 882 375 902 titulus
389 881 468 901 omnino
481 881 586 907 singularis
595 895 600 904 ,
622 881 692 907 duplex
710 880 744 900 vi-

72 912 143 932 delicet
157 912 260 931 oonformis
274 912 384 935 sententia,
407 917 487 937 quorum
505 911 587 931 alteram
608 917 659 931 anno
681 910 743 934 1856,

71 942 155 962 alteram
170 948 216 961 vero
230 948 280 961 anno
300 942 351 962 1859
369 942 435 961 favore
455 942 560 968 praepositi
581 941 663 967 protulit
683 941 745 960 civile

72 972 160 993 tribunal
173 972 292 998 provinciale
307 972 343 992 loci
357 971 468 992 Pallanza.

112 1002 140 1022 Et
154 1009 198 1022 cum
212 1004 311 1028 praeterea
325 1003 407 1025 constet,
418 1003 512 1022 assertum
522 1003 624 1028 patronum
634 1002 742 1022 anciatori

72 1039 111 1052 non
125 1039 167 1052 esse
181 1034 281 1058 agnatum,
297 1032 437 1052 Bernardinum
451 1038 497 1052 vero
514 1032 629 1058 Alberganti
650 1038 688 1051 nou
708 1032 742 1051 de-

71 1063 170 1085 scendere,
186 1069 221 1083 uec
235 1069 312 1082 causam
327 1062 396 1082 habere
410 1069 422 1082 a
436 1062 506 1082 Ioanne
520 1062 610 1088 Baptista
620 1062 667 1082 anni
681 1061 741 1085 1796;

71 1099 115 1112 cum
130 1092 215 1112 dubitari
236 1093 314 1118 insuper
334 1093 430 1118 nequeat,
449 1092 500 1117 quin'
516 1092 615 1118 praefatae
636 1091 741 1111 tribunalis

71 1123 138 1142 civilis
152 1123 261 1142 sententiae
274 1122 372 1142 habendae
386 1122 433 1145 sint,
449 1123 471 1142 ut
485 1129 529 1142 vere
546 1129 568 1142 ac
582 1123 657 1148 proprie
678 1122 744 1141 dietae·

71 1159 102 1172 res
115 1153 213 1173 iudicatae
227 1152 288 1172 relate
302 1153 327 1172 ad
340 1158 413 1176 omnes,
428 1152 462 1178 qui
476 1158 514 1172 non
528 1152 613 1178 gaudent
626 1152 745 1172 descenden-
