<?xml version="1.0" encoding="UTF-8"?>
<!DOCTYPE html PUBLIC "-//W3C//DTD XHTML 1.0 Transitional//EN"
    "http://www.w3.org/TR/xhtml1/DTD/xhtml1-transitional.dtd">
<html xmlns="http://www.w3.org/1999/xhtml" xml:lang="en" lang="en">
 <head>
  <title>
</title>
<meta http-equiv="Content-Type" content="text/html;charset=utf-8" />
  <meta name='ocr-system' content='tesseract 3.04.00' />
  <meta name='ocr-capabilities' content='ocr_page ocr_carea ocr_par ocr_line ocrx_word'/>
</head>
<body>
  <div class='ocr_page' id='page_1' title='image "actasanctaesedi01unkngoog_0078.png"; bbox 0 0 917 1308; ppageno 0'>
   <div class='ocr_carea' id='block_1_1' title="bbox 54 71 744 1183">
    <p class='ocr_par' dir='ltr' id='par_1_1' title="bbox 58 71 729 246">
     <span class='ocr_line' id='line_1_1' title="bbox 343 71 727 87; baseline 0 -1"><span class='ocrx_word' id='word_1_1' title='bbox 343 74 439 87; x_wconf 62' lang='lat' dir='ltr'>rnnuovmn.</span> <span class='ocrx_word' id='word_1_2' title='bbox 707 71 727 86; x_wconf 77' lang='lat'>⁷1</span> 
     </span>
     <span class='ocr_line' id='line_1_2' title="bbox 58 99 727 125; baseline -0.001 -6"><span class='ocrx_word' id='word_1_3' title='bbox 58 106 79 119; x_wconf 87' lang='lat' dir='ltr'>eo</span> <span class='ocrx_word' id='word_1_4' title='bbox 92 100 176 123; x_wconf 78' lang='lat' dir='ltr'>excluso,</span> <span class='ocrx_word' id='word_1_5' title='bbox 192 100 348 120; x_wconf 80' lang='lat' dir='ltr'>animadvertere</span> <span class='ocrx_word' id='word_1_6' title='bbox 370 100 442 125; x_wconf 77' lang='lat' dir='ltr'>placuit</span> <span class='ocrx_word' id='word_1_7' title='bbox 463 99 512 125; x_wconf 87' lang='lat' dir='ltr'>quod</span> <span class='ocrx_word' id='word_1_8' title='bbox 533 99 575 118; x_wconf 85' lang='lat' dir='ltr'>iura</span> <span class='ocrx_word' id='word_1_9' title='bbox 596 99 727 119; x_wconf 82' lang='lat' dir='ltr'>maioritatem</span> 
     </span>
     <span class='ocr_line' id='line_1_3' title="bbox 59 129 727 152; baseline -0.001 -3"><span class='ocrx_word' id='word_1_10' title='bbox 59 130 185 150; x_wconf 32' lang='lat' dir='ltr'>votorumlad</span> <span class='ocrx_word' id='word_1_11' title='bbox 196 129 286 149; x_wconf 81' lang='lat' dir='ltr'>effectum</span> <span class='ocrx_word' id='word_1_12' title='bbox 299 130 399 149; x_wconf 71' lang='lat' dir='ltr'>electionis</span> <span class='ocrx_word' id='word_1_13' title='bbox 416 129 510 152; x_wconf 75' lang='lat' dir='ltr'>iubentia,</span> <span class='ocrx_word' id='word_1_14' title='bbox 525 131 545 148; x_wconf 82' lang='lat' dir='ltr'>et</span> <span class='ocrx_word' id='word_1_15' title='bbox 560 129 646 148; x_wconf 84' lang='lat' dir='ltr'>vicissim</span> <span class='ocrx_word' id='word_1_16' title='bbox 656 130 727 149; x_wconf 80' lang='lat' dir='ltr'>medie-</span> 
     </span>
     <span class='ocr_line' id='line_1_4' title="bbox 60 159 728 186; baseline 0 -7"><span class='ocrx_word' id='word_1_17' title='bbox 60 161 119 179; x_wconf 81' lang='lat' dir='ltr'>tatem</span> <span class='ocrx_word' id='word_1_18' title='bbox 134 167 167 180; x_wconf 85' lang='lat' dir='ltr'>seu</span> <span class='ocrx_word' id='word_1_19' title='bbox 181 161 285 186; x_wconf 77' lang='lat' dir='ltr'>paritatem</span> <span class='ocrx_word' id='word_1_20' title='bbox 299 162 388 180; x_wconf 84' lang='lat' dir='ltr'>votorum</span> <span class='ocrx_word' id='word_1_21' title='bbox 402 160 532 183; x_wconf 69' lang='lat' dir='ltr'>exoludentia,</span> <span class='ocrx_word' id='word_1_22' title='bbox 548 159 642 182; x_wconf 78' lang='lat' dir='ltr'>absolute,</span> <span class='ocrx_word' id='word_1_23' title='bbox 658 160 728 185; x_wconf 69' lang='lat' dir='ltr'>absque</span> 
     </span>
     <span class='ocr_line' id='line_1_5' title="bbox 60 190 729 216; baseline -0.001 -6"><span class='ocrx_word' id='word_1_24' title='bbox 60 191 99 210; x_wconf 85' lang='lat' dir='ltr'>ulla</span> <span class='ocrx_word' id='word_1_25' title='bbox 113 191 239 210; x_wconf 81' lang='lat' dir='ltr'>distinctione</span> <span class='ocrx_word' id='word_1_26' title='bbox 253 191 369 216; x_wconf 85' lang='lat' dir='ltr'>loquuntur:</span> <span class='ocrx_word' id='word_1_27' title='bbox 385 191 417 210; x_wconf 89' lang='lat' dir='ltr'>ubi</span> <span class='ocrx_word' id='word_1_28' title='bbox 431 192 496 211; x_wconf 80' lang='lat' dir='ltr'>autem</span> <span class='ocrx_word' id='word_1_29' title='bbox 511 190 543 209; x_wconf 76' lang='lat' dir='ltr'>lex</span> <span class='ocrx_word' id='word_1_30' title='bbox 563 196 601 209; x_wconf 88' lang='lat' dir='ltr'>non</span> <span class='ocrx_word' id='word_1_31' title='bbox 623 190 729 215; x_wconf 69' lang='lat' dir='ltr'>distinguit</span> 
     </span>
     <span class='ocr_line' id='line_1_6' title="bbox 58 221 406 246; baseline 0 -6"><span class='ocrx_word' id='word_1_32' title='bbox 58 227 118 246; x_wconf 80' lang='lat' dir='ltr'>neque</span> <span class='ocrx_word' id='word_1_33' title='bbox 132 227 167 240; x_wconf 87' lang='lat' dir='ltr'>nos</span> <span class='ocrx_word' id='word_1_34' title='bbox 180 221 300 246; x_wconf 77' lang='lat' dir='ltr'>distinguere</span> <span class='ocrx_word' id='word_1_35' title='bbox 309 221 406 240; x_wconf 81' lang='lat' dir='ltr'>debemus.</span> 
     </span>
    </p>

    <p class='ocr_par' dir='ltr' id='par_1_2' title="bbox 58 250 730 391">
     <span class='ocr_line' id='line_1_7' title="bbox 97 250 727 277; baseline 0 -7"><span class='ocrx_word' id='word_1_36' title='bbox 97 251 135 270; x_wconf 82' lang='lat' dir='ltr'>Ast</span> <span class='ocrx_word' id='word_1_37' title='bbox 149 252 227 276; x_wconf 84' lang='lat' dir='ltr'>insuper</span> <span class='ocrx_word' id='word_1_38' title='bbox 241 251 296 270; x_wconf 74' lang='lat' dir='ltr'>iuxta</span> <span class='ocrx_word' id='word_1_39' title='bbox 311 251 441 277; x_wconf 72' lang='lat' dir='ltr'>hypothesim,</span> <span class='ocrx_word' id='word_1_40' title='bbox 450 257 507 276; x_wconf 84' lang='lat' dir='ltr'>quam</span> <span class='ocrx_word' id='word_1_41' title='bbox 518 250 565 270; x_wconf 78' lang='lat' dir='ltr'>facit</span> <span class='ocrx_word' id='word_1_42' title='bbox 574 251 658 270; x_wconf 80' lang='lat' dir='ltr'>Glossa</span> <span class='ocrx_word' id='word_1_43' title='bbox 653 257 673 270; x_wconf 77' lang='lat' dir='ltr'>iu</span> <span class='ocrx_word' id='word_1_44' title='bbox 683 257 727 276; x_wconf 77' lang='lat' dir='ltr'>cap.</span> 
     </span>
     <span class='ocr_line' id='line_1_8' title="bbox 61 280 728 307; baseline 0 -7"><span class='ocrx_word' id='word_1_45' title='bbox 61 280 154 300; x_wconf 81' lang='lat' dir='ltr'>Cumana</span> <span class='ocrx_word' id='word_1_46' title='bbox 169 281 196 300; x_wconf 85' lang='lat'>50</span> <span class='ocrx_word' id='word_1_47' title='bbox 210 281 240 300; x_wconf 86' lang='lat' dir='ltr'>De</span> <span class='ocrx_word' id='word_1_48' title='bbox 254 282 308 300; x_wconf 75' lang='lat' dir='ltr'>elect.</span> <span class='ocrx_word' id='word_1_49' title='bbox 324 281 374 302; x_wconf 77' lang='lat' dir='ltr'>verb.</span> <span class='ocrx_word' id='word_1_50' title='bbox 391 281 423 300; x_wconf 80' lang='lat' dir='ltr'>Ad</span> <span class='ocrx_word' id='word_1_51' title='bbox 439 283 537 301; x_wconf 73' lang='lat' dir='ltr'>maiorem</span> <span class='ocrx_word' id='word_1_52' title='bbox 543 284 634 307; x_wconf 75' lang='lat' dir='ltr'>partem,</span> <span class='ocrx_word' id='word_1_53' title='bbox 643 287 697 300; x_wconf 82' lang='lat' dir='ltr'>casus</span> <span class='ocrx_word' id='word_1_54' title='bbox 707 281 728 300; x_wconf 89' lang='lat' dir='ltr'>in</span> 
     </span>
     <span class='ocr_line' id='line_1_9' title="bbox 58 311 728 337; baseline 0 -7"><span class='ocrx_word' id='word_1_55' title='bbox 58 311 147 331; x_wconf 82' lang='lat' dir='ltr'>terminis</span> <span class='ocrx_word' id='word_1_56' title='bbox 157 313 186 330; x_wconf 86' lang='lat' dir='ltr'>est</span> <span class='ocrx_word' id='word_1_57' title='bbox 196 311 222 330; x_wconf 84' lang='lat' dir='ltr'>ibi</span> <span class='ocrx_word' id='word_1_58' title='bbox 233 311 314 334; x_wconf 73' lang='lat' dir='ltr'>decisus,</span> <span class='ocrx_word' id='word_1_59' title='bbox 325 313 345 331; x_wconf 83' lang='lat' dir='ltr'>et</span> <span class='ocrx_word' id='word_1_60' title='bbox 354 311 431 337; x_wconf 88' lang='lat' dir='ltr'>quidem</span> <span class='ocrx_word' id='word_1_61' title='bbox 441 311 532 336; x_wconf 79' lang='lat' dir='ltr'>negativo</span> <span class='ocrx_word' id='word_1_62' title='bbox 541 317 606 334; x_wconf 71' lang='lat' dir='ltr'>sensu,</span> <span class='ocrx_word' id='word_1_63' title='bbox 617 311 646 330; x_wconf 71' lang='lat' dir='ltr'>ita</span> <span class='ocrx_word' id='word_1_64' title='bbox 660 317 728 336; x_wconf 83' lang='lat' dir='ltr'>nempe</span> 
     </span>
     <span class='ocr_line' id='line_1_10' title="bbox 59 336 730 367; baseline 0 -6"><span class='ocrx_word' id='word_1_65' title='bbox 59 343 80 361; x_wconf 88' lang='lat' dir='ltr'>ut</span> <span class='ocrx_word' id='word_1_66' title='bbox 100 342 202 361; x_wconf 76' lang='lat' dir='ltr'>maioritas</span> <span class='ocrx_word' id='word_1_67' title='bbox 223 341 352 367; x_wconf 80' lang='lat' dir='ltr'>intelligenda</span> <span class='ocrx_word' id='word_1_68' title='bbox 372 343 423 361; x_wconf 84' lang='lat' dir='ltr'>esset</span> <span class='ocrx_word' id='word_1_69' title='bbox 443 336 579 367; x_wconf 77' lang='lat' dir='ltr'>comprehenso</span> <span class='ocrx_word' id='word_1_70' title='bbox 600 347 673 367; x_wconf 79' lang='lat' dir='ltr'>quoque</span> <span class='ocrx_word' id='word_1_71' title='bbox 687 341 730 367; x_wconf 81' lang='lat' dir='ltr'>ipso</span> 
     </span>
     <span class='ocr_line' id='line_1_11' title="bbox 59 371 127 391; baseline 0 0"><span class='ocrx_word' id='word_1_72' title='bbox 59 371 127 391; x_wconf 83' lang='lat' dir='ltr'>electo</span> 
     </span>
    </p>

    <p class='ocr_par' dir='ltr' id='par_1_3' title="bbox 54 401 744 850">
     <span class='ocr_line' id='line_1_12' title="bbox 96 401 730 427; baseline -0.002 -6"><span class='ocrx_word' id='word_1_73' title='bbox 96 402 194 427; x_wconf 81' lang='lat' dir='ltr'>Congruit</span> <span class='ocrx_word' id='word_1_74' title='bbox 207 402 249 427; x_wconf 84' lang='lat' dir='ltr'>ipsa</span> <span class='ocrx_word' id='word_1_75' title='bbox 263 402 359 421; x_wconf 84' lang='lat' dir='ltr'>naturalis</span> <span class='ocrx_word' id='word_1_76' title='bbox 373 402 462 421; x_wconf 87' lang='lat' dir='ltr'>luminis</span> <span class='ocrx_word' id='word_1_77' title='bbox 467 402 524 421; x_wconf 84' lang='lat' dir='ltr'>ratio.</span> <span class='ocrx_word' id='word_1_78' title='bbox 540 401 697 427; x_wconf 80' lang='lat' dir='ltr'>Quandoquidem</span> <span class='ocrx_word' id='word_1_79' title='bbox 713 401 730 420; x_wconf 84' lang='lat' dir='ltr'>si</span> 
     </span>
     <span class='ocr_line' id='line_1_13' title="bbox 58 431 730 459; baseline -0.003 -7"><span class='ocrx_word' id='word_1_80' title='bbox 58 432 89 452; x_wconf 77' lang='lat' dir='ltr'>ille</span> <span class='ocrx_word' id='word_1_81' title='bbox 103 433 137 459; x_wconf 90' lang='lat' dir='ltr'>qui</span> <span class='ocrx_word' id='word_1_82' title='bbox 151 436 240 458; x_wconf 75' lang='lat' dir='ltr'>praesens</span> <span class='ocrx_word' id='word_1_83' title='bbox 254 434 283 452; x_wconf 84' lang='lat' dir='ltr'>est</span> <span class='ocrx_word' id='word_1_84' title='bbox 304 433 324 451; x_wconf 89' lang='lat' dir='ltr'>in</span> <span class='ocrx_word' id='word_1_85' title='bbox 345 432 429 452; x_wconf 80' lang='lat' dir='ltr'>comitiis</span> <span class='ocrx_word' id='word_1_86' title='bbox 438 446 443 455; x_wconf 88' lang='lat'>,</span> <span class='ocrx_word' id='word_1_87' title='bbox 458 434 478 452; x_wconf 87' lang='lat' dir='ltr'>et</span> <span class='ocrx_word' id='word_1_88' title='bbox 493 432 624 457; x_wconf 75' lang='lat' dir='ltr'>suffragatur,</span> <span class='ocrx_word' id='word_1_89' title='bbox 643 438 681 451; x_wconf 90' lang='lat' dir='ltr'>non</span> <span class='ocrx_word' id='word_1_90' title='bbox 702 431 730 450; x_wconf 76' lang='lat' dir='ltr'>fo-</span> 
     </span>
     <span class='ocr_line' id='line_1_14' title="bbox 58 462 729 488; baseline -0.003 -6"><span class='ocrx_word' id='word_1_91' title='bbox 58 464 87 482; x_wconf 86' lang='lat' dir='ltr'>ret</span> <span class='ocrx_word' id='word_1_92' title='bbox 100 463 122 482; x_wconf 84' lang='lat' dir='ltr'>in</span> <span class='ocrx_word' id='word_1_93' title='bbox 137 463 271 483; x_wconf 76' lang='lat' dir='ltr'>numeratione</span> <span class='ocrx_word' id='word_1_94' title='bbox 285 465 373 482; x_wconf 86' lang='lat' dir='ltr'>votorum</span> <span class='ocrx_word' id='word_1_95' title='bbox 388 463 527 488; x_wconf 80' lang='lat' dir='ltr'>computandus</span> <span class='ocrx_word' id='word_1_96' title='bbox 536 462 557 481; x_wconf 83' lang='lat' dir='ltr'>in</span> <span class='ocrx_word' id='word_1_97' title='bbox 572 462 674 487; x_wconf 76' lang='lat' dir='ltr'>hypothesi</span> <span class='ocrx_word' id='word_1_98' title='bbox 684 467 729 481; x_wconf 76' lang='lat' dir='ltr'>suae</span> 
     </span>
     <span class='ocr_line' id='line_1_15' title="bbox 59 491 730 518; baseline -0.003 -6"><span class='ocrx_word' id='word_1_99' title='bbox 59 493 166 516; x_wconf 65' lang='lat' dir='ltr'>electionis,</span> <span class='ocrx_word' id='word_1_100' title='bbox 182 493 221 512; x_wconf 86' lang='lat' dir='ltr'>iam</span> <span class='ocrx_word' id='word_1_101' title='bbox 235 493 276 518; x_wconf 85' lang='lat' dir='ltr'>ipse</span> <span class='ocrx_word' id='word_1_102' title='bbox 290 493 385 518; x_wconf 82' lang='lat' dir='ltr'>duplicem</span> <span class='ocrx_word' id='word_1_103' title='bbox 399 498 499 518; x_wconf 78' lang='lat' dir='ltr'>personam</span> <span class='ocrx_word' id='word_1_104' title='bbox 519 494 606 517; x_wconf 75' lang='lat' dir='ltr'>gereret,</span> <span class='ocrx_word' id='word_1_105' title='bbox 623 491 730 517; x_wconf 78' lang='lat' dir='ltr'>praesentis</span> 
     </span>
     <span class='ocr_line' id='line_1_16' title="bbox 58 523 729 549; baseline -0.003 -6"><span class='ocrx_word' id='word_1_106' title='bbox 58 530 79 543; x_wconf 83' lang='lat' dir='ltr'>ae</span> <span class='ocrx_word' id='word_1_107' title='bbox 93 523 220 549; x_wconf 78' lang='lat' dir='ltr'>suffragantis</span> <span class='ocrx_word' id='word_1_108' title='bbox 234 523 328 549; x_wconf 84' lang='lat' dir='ltr'>simulque</span> <span class='ocrx_word' id='word_1_109' title='bbox 343 525 363 543; x_wconf 86' lang='lat' dir='ltr'>et</span> <span class='ocrx_word' id='word_1_110' title='bbox 376 523 473 543; x_wconf 79' lang='lat' dir='ltr'>absentis:</span> <span class='ocrx_word' id='word_1_111' title='bbox 489 524 585 548; x_wconf 79' lang='lat' dir='ltr'>repugnat</span> <span class='ocrx_word' id='word_1_112' title='bbox 594 523 658 542; x_wconf 83' lang='lat' dir='ltr'>autem</span> <span class='ocrx_word' id='word_1_113' title='bbox 670 528 729 541; x_wconf 87' lang='lat' dir='ltr'>unum</span> 
     </span>
     <span class='ocr_line' id='line_1_17' title="bbox 59 552 730 579; baseline -0.003 -6"><span class='ocrx_word' id='word_1_114' title='bbox 59 554 184 579; x_wconf 77' lang='lat' dir='ltr'>eumdemque</span> <span class='ocrx_word' id='word_1_115' title='bbox 198 554 219 573; x_wconf 91' lang='lat' dir='ltr'>in</span> <span class='ocrx_word' id='word_1_116' title='bbox 233 560 271 573; x_wconf 90' lang='lat' dir='ltr'>uno</span> <span class='ocrx_word' id='word_1_117' title='bbox 285 554 388 579; x_wconf 84' lang='lat' dir='ltr'>eodemque</span> <span class='ocrx_word' id='word_1_118' title='bbox 401 556 446 573; x_wconf 75' lang='lat' dir='ltr'>actu</span> <span class='ocrx_word' id='word_1_119' title='bbox 468 553 564 572; x_wconf 81' lang='lat' dir='ltr'>diversam</span> <span class='ocrx_word' id='word_1_120' title='bbox 585 552 730 578; x_wconf 84' lang='lat' dir='ltr'>oppositamque</span> 
     </span>
     <span class='ocr_line' id='line_1_18' title="bbox 59 582 731 610; baseline -0.003 -7"><span class='ocrx_word' id='word_1_121' title='bbox 59 590 159 610; x_wconf 80' lang='lat' dir='ltr'>personam</span> <span class='ocrx_word' id='word_1_122' title='bbox 174 590 247 609; x_wconf 80' lang='lat' dir='ltr'>gerere,</span> <span class='ocrx_word' id='word_1_123' title='bbox 263 584 319 603; x_wconf 76' lang='lat' dir='ltr'>iuxta</span> <span class='ocrx_word' id='word_1_124' title='bbox 333 584 352 603; x_wconf 89' lang='lat' dir='ltr'>id</span> <span class='ocrx_word' id='word_1_125' title='bbox 366 584 425 603; x_wconf 84' lang='lat' dir='ltr'>etiam</span> <span class='ocrx_word' id='word_1_126' title='bbox 440 583 489 608; x_wconf 88' lang='lat' dir='ltr'>quod</span> <span class='ocrx_word' id='word_1_127' title='bbox 499 583 569 602; x_wconf 79' lang='lat' dir='ltr'>statuit</span> <span class='ocrx_word' id='word_1_128' title='bbox 582 582 607 602; x_wconf 88' lang='lat' dir='ltr'>L.</span> <span class='ocrx_word' id='word_1_129' title='bbox 626 582 677 602; x_wconf 82' lang='lat' dir='ltr'>Cum</span> <span class='ocrx_word' id='word_1_130' title='bbox 694 584 731 607; x_wconf 78' lang='lat' dir='ltr'>qui</span> 
     </span>
     <span class='ocr_line' id='line_1_19' title="bbox 59 610 730 640; baseline -0.004 -6"><span class='ocrx_word' id='word_1_131' title='bbox 59 615 79 640; x_wconf 81' lang='lat' dir='ltr'>ff.</span> <span class='ocrx_word' id='word_1_132' title='bbox 98 614 128 634; x_wconf 84' lang='lat' dir='ltr'>De</span> <span class='ocrx_word' id='word_1_133' title='bbox 145 621 187 636; x_wconf 78' lang='lat' dir='ltr'>usu</span> <span class='ocrx_word' id='word_1_134' title='bbox 207 610 261 640; x_wconf 60' lang='lat' dir='ltr'>dap„</span> <span class='ocrx_word' id='word_1_135' title='bbox 274 614 298 633; x_wconf 89' lang='lat' dir='ltr'>L.</span> <span class='ocrx_word' id='word_1_136' title='bbox 316 613 331 634; x_wconf 78' lang='lat'><strong><em>2</em></strong></span> <span class='ocrx_word' id='word_1_137' title='bbox 344 615 366 640; x_wconf 80' lang='lat' dir='ltr'>ff.</span> <span class='ocrx_word' id='word_1_138' title='bbox 382 613 411 633; x_wconf 82' lang='lat' dir='ltr'>De</span> <span class='ocrx_word' id='word_1_139' title='bbox 427 615 475 639; x_wconf 76' lang='lat' dir='ltr'>stip.</span> <span class='ocrx_word' id='word_1_140' title='bbox 494 619 556 634; x_wconf 71' lang='lat' dir='ltr'>serv..</span> <span class='ocrx_word' id='word_1_141' title='bbox 573 619 616 638; x_wconf 76' lang='lat' dir='ltr'>cap.</span> <span class='ocrx_word' id='word_1_142' title='bbox 634 612 730 631; x_wconf 74' lang='lat' dir='ltr'>Debitum</span> 
     </span>
     <span class='ocr_line' id='line_1_20' title="bbox 60 642 731 671; baseline -0.004 -7"><span class='ocrx_word' id='word_1_143' title='bbox 60 644 88 664; x_wconf 75' lang='lat' dir='ltr'>De</span> <span class='ocrx_word' id='word_1_144' title='bbox 101 645 155 671; x_wconf 76' lang='lat' dir='ltr'>bapt.</span> <span class='ocrx_word' id='word_1_145' title='bbox 169 644 211 670; x_wconf 80' lang='lat' dir='ltr'>Ipse</span> <span class='ocrx_word' id='word_1_146' title='bbox 225 644 276 663; x_wconf 87' lang='lat' dir='ltr'>enim</span> <span class='ocrx_word' id='word_1_147' title='bbox 291 644 383 663; x_wconf 72' lang='lat' dir='ltr'>existeret</span> <span class='ocrx_word' id='word_1_148' title='bbox 397 649 419 663; x_wconf 79' lang='lat' dir='ltr'>ae</span> <span class='ocrx_word' id='word_1_149' title='bbox 434 644 568 663; x_wconf 75' lang='lat' dir='ltr'>numeraretur</span> <span class='ocrx_word' id='word_1_150' title='bbox 582 649 615 668; x_wconf 87' lang='lat' dir='ltr'>pro</span> <span class='ocrx_word' id='word_1_151' title='bbox 629 642 681 664; x_wconf 84' lang='lat' dir='ltr'>aliis,</span> <span class='ocrx_word' id='word_1_152' title='bbox 692 648 731 661; x_wconf 84' lang='lat' dir='ltr'>non</span> 
     </span>
     <span class='ocr_line' id='line_1_21' title="bbox 59 672 731 700; baseline -0.004 -6"><span class='ocrx_word' id='word_1_153' title='bbox 59 675 135 694; x_wconf 79' lang='lat' dir='ltr'>adesset</span> <span class='ocrx_word' id='word_1_154' title='bbox 148 681 210 700; x_wconf 90' lang='lat' dir='ltr'>neque</span> <span class='ocrx_word' id='word_1_155' title='bbox 230 676 365 694; x_wconf 75' lang='lat' dir='ltr'>numeraretur</span> <span class='ocrx_word' id='word_1_156' title='bbox 386 674 447 693; x_wconf 80' lang='lat' dir='ltr'>relate</span> <span class='ocrx_word' id='word_1_157' title='bbox 468 674 492 693; x_wconf 85' lang='lat' dir='ltr'>ad</span> <span class='ocrx_word' id='word_1_158' title='bbox 511 673 647 699; x_wconf 79' lang='lat' dir='ltr'>semetipsum:</span> <span class='ocrx_word' id='word_1_159' title='bbox 663 674 683 691; x_wconf 87' lang='lat' dir='ltr'>et</span> <span class='ocrx_word' id='word_1_160' title='bbox 703 672 731 691; x_wconf 80' lang='lat' dir='ltr'>sic</span> 
     </span>
     <span class='ocr_line' id='line_1_22' title="bbox 58 702 744 730; baseline -0.006 -6"><span class='ocrx_word' id='word_1_161' title='bbox 58 705 133 730; x_wconf 79' lang='lat' dir='ltr'>quando</span> <span class='ocrx_word' id='word_1_162' title='bbox 147 704 218 727; x_wconf 84' lang='lat' dir='ltr'>essent,</span> <span class='ocrx_word' id='word_1_163' title='bbox 234 706 289 730; x_wconf 67' lang='lat' dir='ltr'>puta,</span> <span class='ocrx_word' id='word_1_164' title='bbox 308 704 332 723; x_wconf 81' lang='lat'>12</span> <span class='ocrx_word' id='word_1_165' title='bbox 346 705 456 730; x_wconf 69' lang='lat' dir='ltr'>praesentes</span> <span class='ocrx_word' id='word_1_166' title='bbox 471 704 490 722; x_wconf 91' lang='lat' dir='ltr'>et</span> <span class='ocrx_word' id='word_1_167' title='bbox 500 705 591 728; x_wconf 77' lang='lat' dir='ltr'>ageretur</span> <span class='ocrx_word' id='word_1_168' title='bbox 605 703 628 728; x_wconf 76' lang='lat' dir='ltr'>de</span> <span class='ocrx_word' id='word_1_169' title='bbox 642 702 730 727; x_wconf 80' lang='lat' dir='ltr'>eligendo</span> <span class='ocrx_word' id='word_1_170' title='bbox 742 725 744 728; x_wconf 93' lang='lat'>.</span> 
     </span>
     <span class='ocr_line' id='line_1_23' title="bbox 59 732 731 760; baseline -0.004 -6"><span class='ocrx_word' id='word_1_171' title='bbox 59 737 157 757; x_wconf 79' lang='lat' dir='ltr'>extraneo,</span> <span class='ocrx_word' id='word_1_172' title='bbox 173 734 186 754; x_wconf 84' lang='lat'>7</span> <span class='ocrx_word' id='word_1_173' title='bbox 200 737 246 754; x_wconf 79' lang='lat' dir='ltr'>vota</span> <span class='ocrx_word' id='word_1_174' title='bbox 260 741 294 760; x_wconf 88' lang='lat' dir='ltr'>pro</span> <span class='ocrx_word' id='word_1_175' title='bbox 309 741 330 754; x_wconf 87' lang='lat' dir='ltr'>eo</span> <span class='ocrx_word' id='word_1_176' title='bbox 350 734 510 759; x_wconf 59' lang='lat' dir='ltr'>exquir-eremum</span> <span class='ocrx_word' id='word_1_177' title='bbox 532 734 563 752; x_wconf 87' lang='lat' dir='ltr'>ast</span> <span class='ocrx_word' id='word_1_178' title='bbox 584 733 601 752; x_wconf 89' lang='lat' dir='ltr'>si</span> <span class='ocrx_word' id='word_1_179' title='bbox 617 732 731 752; x_wconf 82' lang='lat' dir='ltr'>candidatus</span> 
     </span>
     <span class='ocr_line' id='line_1_24' title="bbox 54 763 732 791; baseline -0.006 -7"><span class='ocrx_word' id='word_1_180' title='bbox 54 767 107 785; x_wconf 74' lang='lat' dir='ltr'>‚esset</span> <span class='ocrx_word' id='word_1_181' title='bbox 121 771 220 791; x_wconf 78' lang='lat' dir='ltr'>praesens,</span> <span class='ocrx_word' id='word_1_182' title='bbox 235 771 278 784; x_wconf 85' lang='lat' dir='ltr'>cum</span> <span class='ocrx_word' id='word_1_183' title='bbox 292 771 326 784; x_wconf 82' lang='lat' dir='ltr'>sex</span> <span class='ocrx_word' id='word_1_184' title='bbox 341 765 391 784; x_wconf 83' lang='lat' dir='ltr'>votis</span> <span class='ocrx_word' id='word_1_185' title='bbox 405 765 446 783; x_wconf 82' lang='lat' dir='ltr'>eius</span> <span class='ocrx_word' id='word_1_186' title='bbox 460 763 567 783; x_wconf 86' lang='lat' dir='ltr'>nominatio</span> <span class='ocrx_word' id='word_1_187' title='bbox 577 763 697 782; x_wconf 73' lang='lat' dir='ltr'>subsisteret:</span> <span class='ocrx_word' id='word_1_188' title='bbox 709 768 732 781; x_wconf 80' lang='lat' dir='ltr'>ao</span> 
     </span>
     <span class='ocr_line' id='line_1_25' title="bbox 60 793 731 821; baseline -0.006 -6"><span class='ocrx_word' id='word_1_189' title='bbox 60 796 139 821; x_wconf 80' lang='lat' dir='ltr'>proinde</span> <span class='ocrx_word' id='word_1_190' title='bbox 153 795 169 815; x_wconf 85' lang='lat' dir='ltr'>is</span> <span class='ocrx_word' id='word_1_191' title='bbox 184 801 284 815; x_wconf 81' lang='lat' dir='ltr'>numerum</span> <span class='ocrx_word' id='word_1_192' title='bbox 299 794 378 817; x_wconf 77' lang='lat' dir='ltr'>faceret,</span> <span class='ocrx_word' id='word_1_193' title='bbox 395 794 425 814; x_wconf 78' lang='lat' dir='ltr'>vel</span> <span class='ocrx_word' id='word_1_194' title='bbox 440 800 478 814; x_wconf 84' lang='lat' dir='ltr'>non</span> <span class='ocrx_word' id='word_1_195' title='bbox 499 794 583 816; x_wconf 75' lang='lat' dir='ltr'>faceret,</span> <span class='ocrx_word' id='word_1_196' title='bbox 599 793 655 812; x_wconf 80' lang='lat' dir='ltr'>iuxta</span> <span class='ocrx_word' id='word_1_197' title='bbox 675 798 731 812; x_wconf 80' lang='lat' dir='ltr'>suum</span> 
     </span>
     <span class='ocr_line' id='line_1_26' title="bbox 61 825 380 850; baseline -0.003 -5"><span class='ocrx_word' id='word_1_198' title='bbox 61 826 179 845; x_wconf 83' lang='lat' dir='ltr'>oommodum</span> <span class='ocrx_word' id='word_1_199' title='bbox 194 827 251 850; x_wconf 83' lang='lat' dir='ltr'>atque</span> <span class='ocrx_word' id='word_1_200' title='bbox 266 825 380 845; x_wconf 78' lang='lat' dir='ltr'>utilitatem.</span> 
     </span>
    </p>

    <p class='ocr_par' dir='ltr' id='par_1_4' title="bbox 61 852 734 1183">
     <span class='ocr_line' id='line_1_27' title="bbox 98 852 732 881; baseline -0.006 -6"><span class='ocrx_word' id='word_1_201' title='bbox 98 856 179 881; x_wconf 72' lang='lat' dir='ltr'>Insuper</span> <span class='ocrx_word' id='word_1_202' title='bbox 188 862 222 881; x_wconf 81' lang='lat' dir='ltr'>per</span> <span class='ocrx_word' id='word_1_203' title='bbox 232 855 327 875; x_wconf 81' lang='lat' dir='ltr'>theoriam</span> <span class='ocrx_word' id='word_1_204' title='bbox 337 855 386 881; x_wconf 77' lang='lat' dir='ltr'>quod</span> <span class='ocrx_word' id='word_1_205' title='bbox 396 860 419 875; x_wconf 87' lang='lat' dir='ltr'>ex</span> <span class='ocrx_word' id='word_1_206' title='bbox 429 860 508 874; x_wconf 88' lang='lat' dir='ltr'>numero</span> <span class='ocrx_word' id='word_1_207' title='bbox 517 854 621 874; x_wconf 80' lang='lat' dir='ltr'>electorum</span> <span class='ocrx_word' id='word_1_208' title='bbox 636 854 663 872; x_wconf 91' lang='lat' dir='ltr'>sit</span> <span class='ocrx_word' id='word_1_209' title='bbox 672 852 732 872; x_wconf 88' lang='lat' dir='ltr'>dedu-</span> 
     </span>
     <span class='ocr_line' id='line_1_28' title="bbox 61 883 732 912; baseline -0.006 -6"><span class='ocrx_word' id='word_1_210' title='bbox 61 887 118 906; x_wconf 82' lang='lat' dir='ltr'>cenda</span> <span class='ocrx_word' id='word_1_211' title='bbox 130 892 210 912; x_wconf 77' lang='lat' dir='ltr'>persona</span> <span class='ocrx_word' id='word_1_212' title='bbox 219 886 279 911; x_wconf 82' lang='lat' dir='ltr'>ipsius</span> <span class='ocrx_word' id='word_1_213' title='bbox 287 886 351 908; x_wconf 78' lang='lat' dir='ltr'>electi,</span> <span class='ocrx_word' id='word_1_214' title='bbox 359 885 482 911; x_wconf 77' lang='lat' dir='ltr'>privilegium</span> <span class='ocrx_word' id='word_1_215' title='bbox 493 884 575 910; x_wconf 79' lang='lat' dir='ltr'>speciale</span> <span class='ocrx_word' id='word_1_216' title='bbox 583 890 617 910; x_wconf 88' lang='lat' dir='ltr'>pro</span> <span class='ocrx_word' id='word_1_217' title='bbox 625 883 732 910; x_wconf 79' lang='lat' dir='ltr'>praesenti-</span> 
     </span>
     <span class='ocr_line' id='line_1_29' title="bbox 62 914 733 941; baseline -0.006 -5"><span class='ocrx_word' id='word_1_218' title='bbox 62 917 94 936; x_wconf 84' lang='lat' dir='ltr'>bus</span> <span class='ocrx_word' id='word_1_219' title='bbox 103 917 261 937; x_wconf 73' lang='lat' dir='ltr'>constitueretur.</span> <span class='ocrx_word' id='word_1_220' title='bbox 271 916 308 935; x_wconf 86' lang='lat' dir='ltr'>Ast</span> <span class='ocrx_word' id='word_1_221' title='bbox 319 916 422 941; x_wconf 84' lang='lat' dir='ltr'>privilegia</span> <span class='ocrx_word' id='word_1_222' title='bbox 432 922 469 935; x_wconf 88' lang='lat' dir='ltr'>non</span> <span class='ocrx_word' id='word_1_223' title='bbox 479 917 525 934; x_wconf 88' lang='lat' dir='ltr'>sunt</span> <span class='ocrx_word' id='word_1_224' title='bbox 535 915 637 934; x_wconf 83' lang='lat' dir='ltr'>asserenda</span> <span class='ocrx_word' id='word_1_225' title='bbox 646 914 679 933; x_wconf 83' lang='lat' dir='ltr'>sed</span> <span class='ocrx_word' id='word_1_226' title='bbox 686 915 733 932; x_wconf 86' lang='lat' dir='ltr'>sunt</span> 
     </span>
     <span class='ocr_line' id='line_1_30' title="bbox 61 946 732 970; baseline -0.004 -4"><span class='ocrx_word' id='word_1_227' title='bbox 61 946 218 966; x_wconf 51' lang='lat' dir='ltr'>evineendslmo</span> <span class='ocrx_word' id='word_1_228' title='bbox 228 946 244 965; x_wconf 89' lang='lat' dir='ltr'>si</span> <span class='ocrx_word' id='word_1_229' title='bbox 255 946 307 965; x_wconf 81' lang='lat' dir='ltr'>dicta</span> <span class='ocrx_word' id='word_1_230' title='bbox 317 946 392 966; x_wconf 79' lang='lat' dir='ltr'>theoria</span> <span class='ocrx_word' id='word_1_231' title='bbox 401 946 524 968; x_wconf 76' lang='lat' dir='ltr'>admittatur,</span> <span class='ocrx_word' id='word_1_232' title='bbox 539 946 559 964; x_wconf 84' lang='lat' dir='ltr'>iu</span> <span class='ocrx_word' id='word_1_233' title='bbox 572 946 669 970; x_wconf 82' lang='lat' dir='ltr'>posterum</span> <span class='ocrx_word' id='word_1_234' title='bbox 685 950 732 969; x_wconf 81' lang='lat' dir='ltr'>quo·-</span> 
     </span>
     <span class='ocr_line' id='line_1_31' title="bbox 62 974 733 1002; baseline -0.004 -6"><span class='ocrx_word' id='word_1_235' title='bbox 62 977 96 996; x_wconf 83' lang='lat' dir='ltr'>ties</span> <span class='ocrx_word' id='word_1_236' title='bbox 103 977 195 996; x_wconf 74' lang='lat' dir='ltr'>electores</span> <span class='ocrx_word' id='word_1_237' title='bbox 205 977 269 995; x_wconf 82' lang='lat' dir='ltr'>essent</span> <span class='ocrx_word' id='word_1_238' title='bbox 279 978 424 1001; x_wconf 76' lang='lat' dir='ltr'>numero&#39;pares</span> <span class='ocrx_word' id='word_1_239' title='bbox 433 976 463 1002; x_wconf 91' lang='lat' dir='ltr'>(in</span> <span class='ocrx_word' id='word_1_240' title='bbox 473 976 587 1001; x_wconf 82' lang='lat' dir='ltr'>disparitate</span> <span class='ocrx_word' id='word_1_241' title='bbox 602 975 653 994; x_wconf 89' lang='lat' dir='ltr'>enim</span> <span class='ocrx_word' id='word_1_242' title='bbox 664 974 733 993; x_wconf 82' lang='lat' dir='ltr'>suffra-</span> 
     </span>
     <span class='ocr_line' id='line_1_32' title="bbox 63 1004 733 1032; baseline -0.004 -6"><span class='ocrx_word' id='word_1_243' title='bbox 63 1007 148 1032; x_wconf 79' lang='lat' dir='ltr'>gantium</span> <span class='ocrx_word' id='word_1_244' title='bbox 163 1007 202 1026; x_wconf 77' lang='lat' dir='ltr'>alia</span> <span class='ocrx_word' id='word_1_245' title='bbox 217 1013 247 1026; x_wconf 85' lang='lat' dir='ltr'>res</span> <span class='ocrx_word' id='word_1_246' title='bbox 260 1006 319 1032; x_wconf 83' lang='lat' dir='ltr'>esset)</span> <span class='ocrx_word' id='word_1_247' title='bbox 329 1008 349 1026; x_wconf 78' lang='lat' dir='ltr'>et</span> <span class='ocrx_word' id='word_1_248' title='bbox 363 1008 453 1031; x_wconf 83' lang='lat' dir='ltr'>ageretur</span> <span class='ocrx_word' id='word_1_249' title='bbox 467 1006 490 1025; x_wconf 86' lang='lat' dir='ltr'>de</span> <span class='ocrx_word' id='word_1_250' title='bbox 500 1005 616 1025; x_wconf 81' lang='lat' dir='ltr'>nominando</span> <span class='ocrx_word' id='word_1_251' title='bbox 630 1004 694 1030; x_wconf 82' lang='lat' dir='ltr'>aliquo</span> <span class='ocrx_word' id='word_1_252' title='bbox 708 1010 733 1023; x_wconf 81' lang='lat' dir='ltr'>ex</span> 
     </span>
     <span class='ocr_line' id='line_1_33' title="bbox 63 1035 733 1062; baseline -0.004 -6"><span class='ocrx_word' id='word_1_253' title='bbox 63 1037 194 1062; x_wconf 78' lang='lat' dir='ltr'>praesentibus</span> <span class='ocrx_word' id='word_1_254' title='bbox 208 1038 239 1062; x_wconf 86' lang='lat' dir='ltr'>(ut</span> <span class='ocrx_word' id='word_1_255' title='bbox 253 1037 301 1056; x_wconf 84' lang='lat' dir='ltr'>solet</span> <span class='ocrx_word' id='word_1_256' title='bbox 316 1043 338 1056; x_wconf 82' lang='lat' dir='ltr'>ac</span> <span class='ocrx_word' id='word_1_257' title='bbox 352 1037 408 1056; x_wconf 79' lang='lat' dir='ltr'>debet</span> <span class='ocrx_word' id='word_1_258' title='bbox 422 1037 464 1056; x_wconf 82' lang='lat' dir='ltr'>fieri</span> <span class='ocrx_word' id='word_1_259' title='bbox 484 1036 594 1062; x_wconf 82' lang='lat' dir='ltr'>plerumque</span> <span class='ocrx_word' id='word_1_260' title='bbox 614 1041 647 1061; x_wconf 85' lang='lat' dir='ltr'>pro</span> <span class='ocrx_word' id='word_1_261' title='bbox 664 1035 733 1054; x_wconf 83' lang='lat' dir='ltr'>officiis</span> 
     </span>
     <span class='ocr_line' id='line_1_34' title="bbox 63 1064 732 1093; baseline -0.004 -7"><span class='ocrx_word' id='word_1_262' title='bbox 63 1067 208 1093; x_wconf 79' lang='lat' dir='ltr'>capitularibus)</span> <span class='ocrx_word' id='word_1_263' title='bbox 223 1067 262 1086; x_wconf 84' lang='lat' dir='ltr'>iam</span> <span class='ocrx_word' id='word_1_264' title='bbox 282 1064 364 1092; x_wconf 80' lang='lat' dir='ltr'>quilibet</span> <span class='ocrx_word' id='word_1_265' title='bbox 379 1067 411 1092; x_wconf 89' lang='lat' dir='ltr'>qui</span> <span class='ocrx_word' id='word_1_266' title='bbox 425 1067 521 1086; x_wconf 80' lang='lat' dir='ltr'>obtineret</span> <span class='ocrx_word' id='word_1_267' title='bbox 539 1065 663 1085; x_wconf 83' lang='lat' dir='ltr'>medietatem</span> <span class='ocrx_word' id='word_1_268' title='bbox 678 1065 732 1084; x_wconf 78' lang='lat' dir='ltr'>vnto-</span> 
     </span>
     <span class='ocr_line' id='line_1_35' title="bbox 63 1095 732 1123; baseline -0.006 -6"><span class='ocrx_word' id='word_1_269' title='bbox 63 1103 103 1117; x_wconf 85' lang='lat' dir='ltr'>rum</span> <span class='ocrx_word' id='word_1_270' title='bbox 117 1104 141 1117; x_wconf 81' lang='lat' dir='ltr'>ex</span> <span class='ocrx_word' id='word_1_271' title='bbox 154 1098 243 1117; x_wconf 85' lang='lat' dir='ltr'>omnibus</span> <span class='ocrx_word' id='word_1_272' title='bbox 257 1098 389 1123; x_wconf 79' lang='lat' dir='ltr'>praesentibus</span> <span class='ocrx_word' id='word_1_273' title='bbox 409 1099 461 1116; x_wconf 76' lang='lat' dir='ltr'>esset</span> <span class='ocrx_word' id='word_1_274' title='bbox 481 1097 565 1116; x_wconf 76' lang='lat' dir='ltr'>electus:</span> <span class='ocrx_word' id='word_1_275' title='bbox 582 1096 662 1115; x_wconf 81' lang='lat' dir='ltr'>deducta</span> <span class='ocrx_word' id='word_1_276' title='bbox 681 1095 732 1114; x_wconf 84' lang='lat' dir='ltr'>enim</span> 
     </span>
     <span class='ocr_line' id='line_1_36' title="bbox 64 1125 734 1153; baseline -0.004 -6"><span class='ocrx_word' id='word_1_277' title='bbox 64 1134 141 1153; x_wconf 83' lang='lat' dir='ltr'>persona</span> <span class='ocrx_word' id='word_1_278' title='bbox 155 1128 215 1153; x_wconf 78' lang='lat' dir='ltr'>ipsius</span> <span class='ocrx_word' id='word_1_279' title='bbox 229 1128 294 1150; x_wconf 78' lang='lat' dir='ltr'>electi,</span> <span class='ocrx_word' id='word_1_280' title='bbox 310 1128 402 1147; x_wconf 80' lang='lat' dir='ltr'>medietas</span> <span class='ocrx_word' id='word_1_281' title='bbox 417 1127 472 1146; x_wconf 79' lang='lat' dir='ltr'>fieret</span> <span class='ocrx_word' id='word_1_282' title='bbox 486 1127 599 1146; x_wconf 76' lang='lat' dir='ltr'>maioritas:</span> <span class='ocrx_word' id='word_1_283' title='bbox 615 1126 665 1152; x_wconf 91' lang='lat' dir='ltr'>quod</span> <span class='ocrx_word' id='word_1_284' title='bbox 679 1125 734 1144; x_wconf 86' lang='lat' dir='ltr'>vide-</span> 
     </span>
     <span class='ocr_line' id='line_1_37' title="bbox 63 1157 539 1183; baseline 0 -7"><span class='ocrx_word' id='word_1_285' title='bbox 63 1159 93 1177; x_wconf 88' lang='lat' dir='ltr'>tur</span> <span class='ocrx_word' id='word_1_286' title='bbox 105 1158 237 1178; x_wconf 75' lang='lat' dir='ltr'>contradicere</span> <span class='ocrx_word' id='word_1_287' title='bbox 250 1158 325 1177; x_wconf 86' lang='lat' dir='ltr'>iuribus</span> <span class='ocrx_word' id='word_1_288' title='bbox 339 1158 427 1183; x_wconf 83' lang='lat' dir='ltr'>superius</span> <span class='ocrx_word' id='word_1_289' title='bbox 441 1157 539 1182; x_wconf 75' lang='lat' dir='ltr'>allegatis.</span> 
     </span>
    </p>
   </div>
  </div>
 </body>
</html>
