917 1308
342 68 453 80 neuen-inm
492 78 494 80 .
581 65 585 68 '
701 64 732 80 1³5

102 92 207 118 Perperam
221 92 305 119 opponi,
321 92 379 112 aliter
392 92 425 118 agi
444 98 483 112 non
499 98 553 118 posse
574 98 617 111 cum
638 91 730 115 Amalia,

61 123 132 148 quippe
146 129 194 148 quae
208 123 232 142 ab
245 122 284 142 alio
297 122 340 142 viro
350 122 450 148 comprimi
460 128 516 148 passe
530 123 567 145 est,
577 122 732 148 quandoquidem

61 159 106 172 cum
120 154 196 172 constet
204 152 330 172 'Gherardum
344 154 364 172 et
378 152 476 171 Amaliam
496 152 576 171 iuventa
590 152 680 173 florentes
698 158 732 171 sex

61 183 140 202 circiter
154 189 229 202 menses
242 182 378 205 concubuisse;
394 188 437 202 cum
451 189 475 202 ex
497 182 577 202 unisono
598 182 716 202 medentium
725 196 730 205 ,

61 214 96 239 qui
110 213 210 238 utriusque
219 210 303 238 'corpora
317 212 449 238 explorarunt,
464 212 576 232 testimonio
589 211 666 232 nullum
676 213 731 231 extet

61 243 189 268 impotentiae
203 243 244 262 sive
258 242 364 266 absolutae,
379 243 420 261 sive
435 242 528 262 relativae
547 242 664 268 vestigium,
680 242 731 261 actio

61 273 158 293 Gherardi
168 273 274 298 respuenda
283 274 320 296 est,
331 273 421 298 quoniam
431 273 501 292 incidit
515 273 535 292 in
549 279 622 295 casum,
633 276 645 291 a
654 278 691 298 quo
701 272 732 291 in-

60 303 125 329 cipere
139 309 178 322 non
192 304 274 328 poterat.
290 302 470 329 Compertissimum
484 303 535 322 enim
549 304 579 322 est
593 309 632 322 non
650 302 729 322 admitti

61 333 183 352 matrimonii
197 333 409 356 inoonsummationem,
425 333 463 352 nisi
478 334 569 359 probetur
582 333 613 353 vel
630 333 647 352 l.
662 333 730 352 coniu-

61 369 115 389 gum,
131 363 173 382 sive
186 363 272 388 coniugis
287 363 408 389 impotentia3
422 360 455 383 'vel
469 363 489 383 2,
505 365 611 385 coarctata,
624 363 645 383 h.
661 369 678 382 e.
690 369 730 382 eos-

61 393 105 413 dem
119 399 217 419 nunquam
232 393 290 412 fuisse
304 393 370 413 solum
384 400 431 413 cum
444 393 494 415 sola,
509 393 540 412 vel
554 393 573 413 3.
590 393 677 413 mulieris
690 393 732 412 vir-

61 423 143 449 ginitas.
159 423 304 443 Animadvertit
318 423 396 449 insuper
409 424 459 449 quod
479 429 522 442 cum
543 423 621 442 Amalia
640 428 678 442 non
692 422 731 442 nisi

62 456 128 473 octavo
142 459 197 472 anno
211 459 222 473 a
236 453 322 472 maritali
336 453 414 473 dissidio
424 453 546 473 Francisoum
561 453 581 473 S.
597 453 683 473 osculata
692 454 729 476 est,

61 483 173 503 Gherardus
182 489 216 509 per
224 484 267 502 octo
276 489 336 503 annos
350 483 370 502 in
385 485 474 509 promptu
484 484 581 503 habuisset
595 484 731 509 argumentum

61 514 83 533 in
96 513 183 533 themate
196 513 282 536 unicum,
293 514 421 533 necessarium
431 514 455 533 ad
465 513 601 533 ostendendam
611 513 731 533 matrimonii

61 543 275 563 inconsummationem.
291 543 353 562 Eccur
364 557 369 567 ‚
385 543 434 569 petit
448 543 535 563 defensor
544 557 549 566 ,
565 544 606 569 ipse
620 550 653 569 per
667 544 730 563 totum

61 573 111 593 illud
125 575 201 599 tempus
215 573 277 596 siluit,
293 574 313 593 et
327 579 365 592 non
379 573 417 593 nisi
431 574 531 599 postquam
545 573 623 599 impune
639 573 731 593 simulare

60 604 145 629 poterat,
160 609 195 629 per
208 609 228 622 se
241 609 279 622 non
289 603 366 622 stetisse
375 603 477 628 quominus
491 603 569 622 Amalia
578 603 633 629 virgo
643 609 732 629 perman-

60 634 116 656 serit,
132 633 190 652 initio
204 633 250 652 anni
266 633 317 652 1875
330 633 426 653 actionem
441 633 464 652 de
478 633 598 653 matrimonii
620 633 731 653 inconsum-

61 664 147 683 matione
157 665 248 689 expertus
262 663 304 682 est‘l

101 693 187 712 Gradum
201 693 270 712 deinde
283 692 356 712 faciens
370 693 393 712 ad
407 693 536 719 depositiones
550 693 629 712 testium
643 683 730 713 cribran-

61 723 103 746 das,
119 723 219 743 contendit
233 724 291 743 testes
306 724 329 743 ab
343 723 421 742 Amalia
435 723 524 742 inductos
538 729 550 742 a
570 723 654 743 veritate
672 724 727 743 aber-

60 759 112 776 rare,
128 753 206 778 ideoque
220 753 268 779 ipsis
282 753 396 772 credendum
410 753 461 772 haud
476 759 524 776 esse,
539 759 583 772 cum
595 759 660 772 eorum
675 753 730 773 testi-

60 784 127 803 monia
140 783 216 809 egregie
230 784 281 803 inter
295 789 315 802 se
329 784 422 808 pugnent.
438 782 535 806 Profecto,
550 783 586 806 ait,
597 782 687 802 nonnulli
701 789 731 802 re-

60 813 127 833 ferunt
140 814 231 839 parentes
244 813 340 836 Amaliae,
356 819 368 832 a
382 813 450 839 quibus
465 817 549 832 assertae
559 813 686 839 impotentiae
696 819 731 832 no-

60 843 127 863 titiam
141 843 254 866 hauserunt,
270 849 308 862 uon
322 843 360 862 nisi
374 844 417 869 post
433 843 529 862 Gherardi
543 843 647 862 discessum
661 849 730 869 cogno-

60 873 113 893 visse
126 873 262 899 impotentiam
276 873 349 898 generi,
360 873 448 892 nonnulli
459 879 504 893 vero
513 873 619 899 deponunt,
634 873 682 899 quod
697 880 731 899 pa-

61 905 92 923 ter
106 903 203 926 Amaliae,
214 905 317 929 antequam
326 903 437 923 Gherardus
447 904 560 927 discederet,
571 910 648 929 operam
658 903 731 923 frustra

60 933 189 959 impenderat,
206 934 228 952 ut
241 932 278 953 iste
292 933 441 958 convalesceret.
456 933 506 952 Cum
526 933 628 953 absurdum
648 933 675 952 sit
686 947 691 956 ,
707 934 730 952 ut

61 964 151 989 parentes
165 963 254 982 Amaliae
268 963 361 983 sciverint
375 963 440 983 eodem
454 964 540 989 tempore
554 965 574 983 et
595 963 730 989 ignoraverint

60 993 156 1013 Gherardi
171 993 313 1019 impotentiam,
326 994 432 1013 necessario
446 994 569 1019 consequitur
578 994 609 1013 vel
620 995 687 1021 testes,
698 993 729 1013 vel

60 1024 111 1049 ipsos
125 1025 223 1049 parentes,
239 1030 250 1042 a
264 1024 339 1049 quibus,
350 1030 398 1049 quae
412 1026 494 1043 narrant
502 1025 624 1049 acceperunt,
636 1024 728 1043 mentitos

60 1053 126 1073 fuisse.
141 1052 171 1072 Eo
180 1053 212 1072 vel
222 1053 286 1072 minus
295 1053 390 1073 Gherardi
400 1053 534 1079 impotentiam
544 1054 620 1073 ostendi
635 1060 689 1080 posse
698 1060 730 1073 ur-

59 1085 93 1109 get
106 1090 119 1103 a
133 1083 215 1103 testibus
229 1084 252 1103 ab
267 1083 307 1109 ipso
322 1083 413 1106 induetis,
428 1084 465 1109 ipsi
474 1083 527 1103 enim
537 1084 606 1103 nedum
621 1083 730 1103 huiusmodi

59 1113 204 1139 impotentiam,
219 1119 287 1132 verum
300 1114 361 1133 etiam
375 1114 468 1133 obiectam
483 1114 603 1134 matrimonii
618 1114 729 1134 inconsum-

58 1144 166 1163 mationem
179 1143 232 1163 inter
245 1142 321 1163 fabulas
335 1144 466 1163 amandandos
480 1150 520 1163 esse
534 1145 620 1164 censent.
