<?xml version="1.0" encoding="UTF-8"?>
<!DOCTYPE html PUBLIC "-//W3C//DTD XHTML 1.0 Transitional//EN"
    "http://www.w3.org/TR/xhtml1/DTD/xhtml1-transitional.dtd">
<html xmlns="http://www.w3.org/1999/xhtml" xml:lang="en" lang="en">
 <head>
  <title>
</title>
<meta http-equiv="Content-Type" content="text/html;charset=utf-8" />
  <meta name='ocr-system' content='tesseract 3.04.00' />
  <meta name='ocr-capabilities' content='ocr_page ocr_carea ocr_par ocr_line ocrx_word'/>
</head>
<body>
  <div class='ocr_page' id='page_1' title='image "actasanctaesedi01unkngoog_0045.png"; bbox 0 0 917 1308; ppageno 0'>
   <div class='ocr_carea' id='block_1_1' title="bbox 195 84 871 588">
    <p class='ocr_par' dir='ltr' id='par_1_1' title="bbox 195 84 871 588">
     <span class='ocr_line' id='line_1_1' title="bbox 196 84 843 110; baseline 0.002 -10"><span class='ocrx_word' id='word_1_1' title='bbox 196 84 218 100; x_wconf 74' lang='lat'>38</span> <span class='ocrx_word' id='word_1_2' title='bbox 425 89 492 101; x_wconf 62' lang='lat' dir='ltr'>mutuus</span> <span class='ocrx_word' id='word_1_3' title='bbox 504 89 553 101; x_wconf 73' lang='lat' dir='ltr'>mvn</span> <span class='ocrx_word' id='word_1_4' title='bbox 564 89 634 101; x_wconf 64' lang='lat' dir='ltr'>rourum</span> <span class='ocrx_word' id='word_1_5' title='bbox 842 105 843 110; x_wconf 25' lang='grc'>1</span> 
     </span>
     <span class='ocr_line' id='line_1_2' title="bbox 236 113 869 140; baseline 0.005 -8"><span class='ocrx_word' id='word_1_6' title='bbox 236 113 390 138; x_wconf 79' lang='lat' dir='ltr'>Dispensationis</span> <span class='ocrx_word' id='word_1_7' title='bbox 404 113 550 133; x_wconf 72' lang='lat' dir='ltr'>inexistentiam</span> <span class='ocrx_word' id='word_1_8' title='bbox 565 114 645 140; x_wconf 78' lang='lat' dir='ltr'>insuper</span> <span class='ocrx_word' id='word_1_9' title='bbox 653 115 785 138; x_wconf 66' lang='lat' dir='ltr'>demonstrat,</span> <span class='ocrx_word' id='word_1_10' title='bbox 798 121 823 134; x_wconf 84' lang='lat' dir='ltr'>ex</span> <span class='ocrx_word' id='word_1_11' title='bbox 835 115 869 135; x_wconf 85' lang='lat' dir='ltr'>de-</span> 
     </span>
     <span class='ocr_line' id='line_1_3' title="bbox 196 143 869 170; baseline 0.003 -8"><span class='ocrx_word' id='word_1_12' title='bbox 196 143 246 162; x_wconf 80' lang='lat' dir='ltr'>fectu</span> <span class='ocrx_word' id='word_1_13' title='bbox 254 143 386 162; x_wconf 73' lang='lat' dir='ltr'>renovationis</span> <span class='ocrx_word' id='word_1_14' title='bbox 394 149 504 166; x_wconf 68' lang='lat' dir='ltr'>consensusy</span> <span class='ocrx_word' id='word_1_15' title='bbox 515 150 564 169; x_wconf 84' lang='lat' dir='ltr'>quae</span> <span class='ocrx_word' id='word_1_16' title='bbox 578 144 691 170; x_wconf 84' lang='lat' dir='ltr'>coniugibus</span> <span class='ocrx_word' id='word_1_17' title='bbox 710 145 802 170; x_wconf 73' lang='lat' dir='ltr'>imposita</span> <span class='ocrx_word' id='word_1_18' title='bbox 816 147 869 165; x_wconf 82' lang='lat' dir='ltr'>certe</span> 
     </span>
     <span class='ocr_line' id='line_1_4' title="bbox 197 172 871 201; baseline 0.003 -9"><span class='ocrx_word' id='word_1_19' title='bbox 197 172 272 196; x_wconf 78' lang='lat' dir='ltr'>fuisset;</span> <span class='ocrx_word' id='word_1_20' title='bbox 288 173 354 198; x_wconf 82' lang='lat' dir='ltr'>agitur</span> <span class='ocrx_word' id='word_1_21' title='bbox 367 174 420 192; x_wconf 87' lang='lat' dir='ltr'>enim</span> <span class='ocrx_word' id='word_1_22' title='bbox 434 174 457 193; x_wconf 93' lang='lat' dir='ltr'>de</span> <span class='ocrx_word' id='word_1_23' title='bbox 472 175 591 199; x_wconf 62' lang='lat' dir='ltr'>coniugibus,</span> <span class='ocrx_word' id='word_1_24' title='bbox 602 175 636 201; x_wconf 86' lang='lat' dir='ltr'>qui</span> <span class='ocrx_word' id='word_1_25' title='bbox 648 176 695 194; x_wconf 87' lang='lat' dir='ltr'>tunc</span> <span class='ocrx_word' id='word_1_26' title='bbox 704 175 797 201; x_wconf 80' lang='lat' dir='ltr'>temporis</span> <span class='ocrx_word' id='word_1_27' title='bbox 807 175 871 201; x_wconf 78' lang='lat' dir='ltr'>perfe-</span> 
     </span>
     <span class='ocr_line' id='line_1_5' title="bbox 195 203 869 231; baseline 0.004 -9"><span class='ocrx_word' id='word_1_28' title='bbox 195 205 238 223; x_wconf 73' lang='lat' dir='ltr'>ctae</span> <span class='ocrx_word' id='word_1_29' title='bbox 252 204 304 229; x_wconf 76' lang='lat' dir='ltr'>pacis</span> <span class='ocrx_word' id='word_1_30' title='bbox 318 203 396 223; x_wconf 86' lang='lat' dir='ltr'>vinculo</span> <span class='ocrx_word' id='word_1_31' title='bbox 410 205 533 224; x_wconf 83' lang='lat' dir='ltr'>tenebantur.</span> <span class='ocrx_word' id='word_1_32' title='bbox 549 204 646 224; x_wconf 80' lang='lat' dir='ltr'>Defecisse</span> <span class='ocrx_word' id='word_1_33' title='bbox 660 211 706 224; x_wconf 87' lang='lat' dir='ltr'>vero</span> <span class='ocrx_word' id='word_1_34' title='bbox 721 211 823 231; x_wconf 83' lang='lat' dir='ltr'>consensus</span> <span class='ocrx_word' id='word_1_35' title='bbox 837 212 869 225; x_wconf 81' lang='lat' dir='ltr'>re-</span> 
     </span>
     <span class='ocr_line' id='line_1_6' title="bbox 196 234 871 261; baseline 0.004 -9"><span class='ocrx_word' id='word_1_36' title='bbox 196 234 321 253; x_wconf 85' lang='lat' dir='ltr'>novationem</span> <span class='ocrx_word' id='word_1_37' title='bbox 336 234 402 259; x_wconf 84' lang='lat' dir='ltr'>arguit</span> <span class='ocrx_word' id='word_1_38' title='bbox 415 240 440 253; x_wconf 85' lang='lat' dir='ltr'>ex</span> <span class='ocrx_word' id='word_1_39' title='bbox 449 234 492 258; x_wconf 69' lang='lat' dir='ltr'>hoe,</span> <span class='ocrx_word' id='word_1_40' title='bbox 503 235 552 260; x_wconf 88' lang='lat' dir='ltr'>qnod</span> <span class='ocrx_word' id='word_1_41' title='bbox 563 241 631 261; x_wconf 80' lang='lat' dir='ltr'>nempe</span> <span class='ocrx_word' id='word_1_42' title='bbox 640 236 678 258; x_wconf 78' lang='lat' dir='ltr'>vir,</span> <span class='ocrx_word' id='word_1_43' title='bbox 690 236 722 261; x_wconf 87' lang='lat' dir='ltr'>qui</span> <span class='ocrx_word' id='word_1_44' title='bbox 732 236 797 255; x_wconf 85' lang='lat' dir='ltr'>omnia</span> <span class='ocrx_word' id='word_1_45' title='bbox 805 236 871 256; x_wconf 81' lang='lat' dir='ltr'>media</span> 
     </span>
     <span class='ocr_line' id='line_1_7' title="bbox 196 264 868 292; baseline 0.004 -9"><span class='ocrx_word' id='word_1_46' title='bbox 196 264 299 284; x_wconf 74' lang='lat' dir='ltr'>adhibebat</span> <span class='ocrx_word' id='word_1_47' title='bbox 313 264 337 283; x_wconf 79' lang='lat' dir='ltr'>ad</span> <span class='ocrx_word' id='word_1_48' title='bbox 351 264 530 284; x_wconf 80' lang='lat' dir='ltr'>reconciliationem</span> <span class='ocrx_word' id='word_1_49' title='bbox 544 266 676 289; x_wconf 68' lang='lat' dir='ltr'>obtinendam,</span> <span class='ocrx_word' id='word_1_50' title='bbox 687 266 711 285; x_wconf 77' lang='lat' dir='ltr'>ad</span> <span class='ocrx_word' id='word_1_51' title='bbox 725 266 775 286; x_wconf 78' lang='lat' dir='ltr'>h&#39;anc</span> <span class='ocrx_word' id='word_1_52' title='bbox 789 266 868 292; x_wconf 76' lang='lat' dir='ltr'>dispen-</span> 
     </span>
     <span class='ocr_line' id='line_1_8' title="bbox 195 295 867 322; baseline 0.003 -9"><span class='ocrx_word' id='word_1_53' title='bbox 195 295 298 317; x_wconf 80' lang='lat' dir='ltr'>sationem,</span> <span class='ocrx_word' id='word_1_54' title='bbox 314 295 334 314; x_wconf 84' lang='lat' dir='ltr'>et</span> <span class='ocrx_word' id='word_1_55' title='bbox 348 295 372 320; x_wconf 71' lang='lat' dir='ltr'>ad</span> <span class='ocrx_word' id='word_1_56' title='bbox 386 295 436 314; x_wconf 81' lang='lat' dir='ltr'>lianc</span> <span class='ocrx_word' id='word_1_57' title='bbox 450 301 553 314; x_wconf 88' lang='lat' dir='ltr'>consensus</span> <span class='ocrx_word' id='word_1_58' title='bbox 567 296 712 315; x_wconf 75' lang='lat' dir='ltr'>renovationem</span> <span class='ocrx_word' id='word_1_59' title='bbox 721 296 867 322; x_wconf 73' lang='lat' dir='ltr'>appellavisset,</span> 
     </span>
     <span class='ocr_line' id='line_1_9' title="bbox 195 324 869 352; baseline 0.004 -9"><span class='ocrx_word' id='word_1_60' title='bbox 195 325 272 350; x_wconf 77' lang='lat' dir='ltr'>quando</span> <span class='ocrx_word' id='word_1_61' title='bbox 286 324 356 344; x_wconf 78' lang='lat' dir='ltr'>mulier</span> <span class='ocrx_word' id='word_1_62' title='bbox 369 325 468 344; x_wconf 82' lang='lat' dir='ltr'>nullitatis</span> <span class='ocrx_word' id='word_1_63' title='bbox 478 332 555 345; x_wconf 85' lang='lat' dir='ltr'>causam</span> <span class='ocrx_word' id='word_1_64' title='bbox 565 326 668 351; x_wconf 84' lang='lat' dir='ltr'>promovit.</span> <span class='ocrx_word' id='word_1_65' title='bbox 684 326 769 346; x_wconf 77' lang='lat' dir='ltr'>Tandem</span> <span class='ocrx_word' id='word_1_66' title='bbox 784 326 869 352; x_wconf 84' lang='lat' dir='ltr'>idipsum</span> 
     </span>
     <span class='ocr_line' id='line_1_10' title="bbox 198 355 870 382; baseline 0.001 -7"><span class='ocrx_word' id='word_1_67' title='bbox 198 356 249 375; x_wconf 83' lang='lat' dir='ltr'>eruit</span> <span class='ocrx_word' id='word_1_68' title='bbox 263 362 286 375; x_wconf 86' lang='lat' dir='ltr'>ex</span> <span class='ocrx_word' id='word_1_69' title='bbox 300 355 388 375; x_wconf 77' lang='lat' dir='ltr'>absoluta</span> <span class='ocrx_word' id='word_1_70' title='bbox 402 356 512 375; x_wconf 77' lang='lat' dir='ltr'>deficientia</span> <span class='ocrx_word' id='word_1_71' title='bbox 521 356 657 382; x_wconf 85' lang='lat' dir='ltr'>cuiuscumque</span> <span class='ocrx_word' id='word_1_72' title='bbox 670 357 788 379; x_wconf 72' lang='lat' dir='ltr'>documenti,</span> <span class='ocrx_word' id='word_1_73' title='bbox 798 364 822 376; x_wconf 90' lang='lat' dir='ltr'>ex</span> <span class='ocrx_word' id='word_1_74' title='bbox 831 363 870 382; x_wconf 90' lang='lat' dir='ltr'>quo</span> 
     </span>
     <span class='ocr_line' id='line_1_11' title="bbox 196 383 870 412; baseline 0.001 -7"><span class='ocrx_word' id='word_1_75' title='bbox 196 386 273 412; x_wconf 82' lang='lat' dir='ltr'>probari</span> <span class='ocrx_word' id='word_1_76' title='bbox 288 383 348 411; x_wconf 82' lang='lat' dir='ltr'>possit</span> <span class='ocrx_word' id='word_1_77' title='bbox 362 386 445 412; x_wconf 78' lang='lat' dir='ltr'>petitam</span> <span class='ocrx_word' id='word_1_78' title='bbox 461 392 473 405; x_wconf 83' lang='lat' dir='ltr'>a</span> <span class='ocrx_word' id='word_1_79' title='bbox 489 386 609 411; x_wconf 76' lang='lat' dir='ltr'>coniugibus,</span> <span class='ocrx_word' id='word_1_80' title='bbox 625 388 645 405; x_wconf 87' lang='lat' dir='ltr'>et</span> <span class='ocrx_word' id='word_1_81' title='bbox 659 393 767 410; x_wconf 78' lang='lat' dir='ltr'>concessam</span> <span class='ocrx_word' id='word_1_82' title='bbox 783 387 842 406; x_wconf 83' lang='lat' dir='ltr'>fuisse</span> <span class='ocrx_word' id='word_1_83' title='bbox 856 394 870 407; x_wconf 79' lang='lat' dir='ltr'>a.</span> 
     </span>
     <span class='ocr_line' id='line_1_12' title="bbox 196 411 869 443; baseline 0.003 -8"><span class='ocrx_word' id='word_1_84' title='bbox 196 416 216 436; x_wconf 88' lang='lat' dir='ltr'>S.</span> <span class='ocrx_word' id='word_1_85' title='bbox 226 411 381 435; x_wconf 80' lang='lat' dir='ltr'>Poenitentiaria</span> <span class='ocrx_word' id='word_1_86' title='bbox 395 416 513 441; x_wconf 76' lang='lat' dir='ltr'>praedictam</span> <span class='ocrx_word' id='word_1_87' title='bbox 527 416 698 442; x_wconf 66' lang='lat' dir='ltr'>dispensationem.</span> <span class='ocrx_word' id='word_1_88' title='bbox 710 417 798 437; x_wconf 75' lang='lat' dir='ltr'>Peractis</span> <span class='ocrx_word' id='word_1_89' title='bbox 807 417 869 443; x_wconf 81' lang='lat' dir='ltr'>siqui-</span> 
     </span>
     <span class='ocr_line' id='line_1_13' title="bbox 196 446 867 473; baseline 0.003 -8"><span class='ocrx_word' id='word_1_90' title='bbox 196 446 239 465; x_wconf 87' lang='lat' dir='ltr'>dem</span> <span class='ocrx_word' id='word_1_91' title='bbox 257 446 371 471; x_wconf 79' lang='lat' dir='ltr'>opportunis</span> <span class='ocrx_word' id='word_1_92' title='bbox 387 446 510 471; x_wconf 83' lang='lat' dir='ltr'>diligentiis,</span> <span class='ocrx_word' id='word_1_93' title='bbox 528 446 578 466; x_wconf 82' lang='lat' dir='ltr'>nihil</span> <span class='ocrx_word' id='word_1_94' title='bbox 594 447 673 466; x_wconf 85' lang='lat' dir='ltr'>omnino</span> <span class='ocrx_word' id='word_1_95' title='bbox 687 449 784 473; x_wconf 82' lang='lat' dir='ltr'>repertum</span> <span class='ocrx_word' id='word_1_96' title='bbox 799 447 867 471; x_wconf 81' lang='lat' dir='ltr'>fuisse,</span> 
     </span>
     <span class='ocr_line' id='line_1_14' title="bbox 196 476 865 503; baseline 0.003 -8"><span class='ocrx_word' id='word_1_97' title='bbox 196 483 220 496; x_wconf 87' lang='lat' dir='ltr'>ex</span> <span class='ocrx_word' id='word_1_98' title='bbox 233 483 270 502; x_wconf 92' lang='lat' dir='ltr'>quo</span> <span class='ocrx_word' id='word_1_99' title='bbox 285 476 383 502; x_wconf 77' lang='lat' dir='ltr'>praefatae</span> <span class='ocrx_word' id='word_1_100' title='bbox 392 477 547 502; x_wconf 74' lang='lat' dir='ltr'>dispensationis</span> <span class='ocrx_word' id='word_1_101' title='bbox 566 477 663 497; x_wconf 76' lang='lat' dir='ltr'>concessio</span> <span class='ocrx_word' id='word_1_102' title='bbox 684 478 779 503; x_wconf 83' lang='lat' dir='ltr'>suspicari</span> <span class='ocrx_word' id='word_1_103' title='bbox 795 478 865 503; x_wconf 74' lang='lat' dir='ltr'>possit.</span> 
     </span>
     <span class='ocr_line' id='line_1_15' title="bbox 235 506 866 527; baseline 0.003 -2"><span class='ocrx_word' id='word_1_104' title='bbox 235 507 293 526; x_wconf 84' lang='lat' dir='ltr'>Hisce</span> <span class='ocrx_word' id='word_1_105' title='bbox 307 506 395 526; x_wconf 86' lang='lat' dir='ltr'>omnibus</span> <span class='ocrx_word' id='word_1_106' title='bbox 409 507 535 526; x_wconf 78' lang='lat' dir='ltr'>consideratis</span> <span class='ocrx_word' id='word_1_107' title='bbox 549 507 647 526; x_wconf 82' lang='lat' dir='ltr'>concludit</span> <span class='ocrx_word' id='word_1_108' title='bbox 665 508 784 527; x_wconf 82' lang='lat' dir='ltr'>sententiam</span> <span class='ocrx_word' id='word_1_109' title='bbox 805 508 866 527; x_wconf 80' lang='lat' dir='ltr'>latam</span> 
     </span>
     <span class='ocr_line' id='line_1_16' title="bbox 197 535 869 558; baseline 0.001 -1"><span class='ocrx_word' id='word_1_110' title='bbox 197 538 218 557; x_wconf 87' lang='lat' dir='ltr'>in</span> <span class='ocrx_word' id='word_1_111' title='bbox 225 543 270 556; x_wconf 77' lang='lat' dir='ltr'>casu</span> <span class='ocrx_word' id='word_1_112' title='bbox 280 543 291 555; x_wconf 88' lang='lat' dir='ltr'>a</span> <span class='ocrx_word' id='word_1_113' title='bbox 301 536 380 556; x_wconf 76' lang='lat' dir='ltr'>Vicario</span> <span class='ocrx_word' id='word_1_114' title='bbox 390 536 468 556; x_wconf 78' lang='lat' dir='ltr'>foraneo</span> <span class='ocrx_word' id='word_1_115' title='bbox 478 535 542 556; x_wconf 77' lang='lat' dir='ltr'>t&#39;errae</span> <span class='ocrx_word' id='word_1_116' title='bbox 549 537 643 556; x_wconf 78' lang='lat' dir='ltr'>Pontiani</span> <span class='ocrx_word' id='word_1_117' title='bbox 652 538 727 557; x_wconf 84' lang='lat' dir='ltr'>romani</span> <span class='ocrx_word' id='word_1_118' title='bbox 737 544 779 558; x_wconf 85' lang='lat' dir='ltr'>esse</span> <span class='ocrx_word' id='word_1_119' title='bbox 788 538 869 558; x_wconf 87' lang='lat' dir='ltr'>omnino</span> 
     </span>
     <span class='ocr_line' id='line_1_17' title="bbox 198 563 750 588; baseline 0 -1"><span class='ocrx_word' id='word_1_120' title='bbox 198 567 356 588; x_wconf 68' lang='lat' dir='ltr'>confirmandam,</span> <span class='ocrx_word' id='word_1_121' title='bbox 745 563 750 568; x_wconf 80' lang='grc'><strong>”</strong></span> 
     </span>
    </p>
   </div>
   <div class='ocr_carea' id='block_1_2' title="bbox 236 597 877 625">
    <p class='ocr_par' dir='ltr' id='par_1_2' title="bbox 236 597 877 625">
     <span class='ocr_line' id='line_1_18' title="bbox 236 597 877 625; baseline 0 -8"><span class='ocrx_word' id='word_1_122' title='bbox 236 598 308 618; x_wconf 69' lang='lat' dir='ltr'>Vortm</span> <span class='ocrx_word' id='word_1_123' title='bbox 322 598 458 617; x_wconf 67' lang='grc' dir='ltr'>ΟΑΝοΝῐεἏ-ΑΕ,</span> <span class='ocrx_word' id='word_1_124' title='bbox 474 598 512 617; x_wconf 86' lang='lat' dir='ltr'>Hic</span> <span class='ocrx_word' id='word_1_125' title='bbox 525 597 630 624; x_wconf 77' lang='lat' dir='ltr'>praemisso</span> <span class='ocrx_word' id='word_1_126' title='bbox 650 598 701 623; x_wconf 86' lang='lat' dir='ltr'>quod</span> <span class='ocrx_word' id='word_1_127' title='bbox 721 604 819 625; x_wconf 72' lang='lat' dir='ltr'>processus</span> <span class='ocrx_word' id='word_1_128' title='bbox 840 598 877 617; x_wconf 85' lang='lat' dir='ltr'>ad·</span> 
     </span>
    </p>
   </div>
   <div class='ocr_carea' id='block_1_3' title="bbox 178 628 869 1199">
    <p class='ocr_par' dir='ltr' id='par_1_3' title="bbox 195 628 868 654">
     <span class='ocr_line' id='line_1_19' title="bbox 195 628 868 654; baseline 0.001 -7"><span class='ocrx_word' id='word_1_129' title='bbox 195 629 295 648; x_wconf 76' lang='lat' dir='ltr'>tramitem</span> <span class='ocrx_word' id='word_1_130' title='bbox 311 628 359 647; x_wconf 87' lang='lat' dir='ltr'>iuris</span> <span class='ocrx_word' id='word_1_131' title='bbox 372 628 472 647; x_wconf 87' lang='lat' dir='ltr'>absolutus</span> <span class='ocrx_word' id='word_1_132' title='bbox 487 628 532 651; x_wconf 77' lang='lat' dir='ltr'>fuit,</span> <span class='ocrx_word' id='word_1_133' title='bbox 549 628 565 647; x_wconf 93' lang='lat' dir='ltr'>si</span> <span class='ocrx_word' id='word_1_134' title='bbox 579 628 666 653; x_wconf 75' lang='lat' dir='ltr'>excipias</span> <span class='ocrx_word' id='word_1_135' title='bbox 680 629 729 654; x_wconf 81' lang='lat' dir='ltr'>quod</span> <span class='ocrx_word' id='word_1_136' title='bbox 744 630 824 654; x_wconf 80' lang='lat' dir='ltr'>propter</span> <span class='ocrx_word' id='word_1_137' title='bbox 837 629 868 648; x_wconf 88' lang='lat' dir='ltr'>la-</span> 
     </span>
    </p>

    <p class='ocr_par' dir='ltr' id='par_1_4' title="bbox 178 659 869 957">
     <span class='ocr_line' id='line_1_20' title="bbox 178 659 869 685; baseline 0 -6"><span class='ocrx_word' id='word_1_138' title='bbox 178 666 181 668; x_wconf 59' lang='lat'>*</span> <span class='ocrx_word' id='word_1_139' title='bbox 194 660 249 679; x_wconf 83' lang='lat' dir='ltr'>bores</span> <span class='ocrx_word' id='word_1_140' title='bbox 263 659 365 684; x_wconf 83' lang='lat' dir='ltr'>agrioolos,</span> <span class='ocrx_word' id='word_1_141' title='bbox 381 659 402 678; x_wconf 89' lang='lat' dir='ltr'>in</span> <span class='ocrx_word' id='word_1_142' title='bbox 415 659 484 684; x_wconf 85' lang='lat' dir='ltr'>quibus</span> <span class='ocrx_word' id='word_1_143' title='bbox 494 659 568 678; x_wconf 81' lang='lat' dir='ltr'>incolae</span> <span class='ocrx_word' id='word_1_144' title='bbox 577 659 665 684; x_wconf 78' lang='lat' dir='ltr'>occupati</span> <span class='ocrx_word' id='word_1_145' title='bbox 676 661 739 682; x_wconf 74' lang='lat' dir='ltr'>erant,</span> <span class='ocrx_word' id='word_1_146' title='bbox 750 665 775 678; x_wconf 88' lang='lat' dir='ltr'>ex</span> <span class='ocrx_word' id='word_1_147' title='bbox 785 661 869 685; x_wconf 85' lang='lat' dir='ltr'>utraque</span> 
     </span>
     <span class='ocr_line' id='line_1_21' title="bbox 195 689 868 716; baseline 0 -8"><span class='ocrx_word' id='word_1_148' title='bbox 195 691 251 716; x_wconf 70' lang='lat' dir='ltr'>parte</span> <span class='ocrx_word' id='word_1_149' title='bbox 264 691 338 715; x_wconf 85' lang='lat' dir='ltr'>septem</span> <span class='ocrx_word' id='word_1_150' title='bbox 352 690 412 708; x_wconf 82' lang='lat' dir='ltr'>testes</span> <span class='ocrx_word' id='word_1_151' title='bbox 426 690 582 708; x_wconf 78' lang='lat' dir='ltr'>tantum-coram</span> <span class='ocrx_word' id='word_1_152' title='bbox 596 689 659 708; x_wconf 88' lang='lat' dir='ltr'>iudice</span> <span class='ocrx_word' id='word_1_153' title='bbox 673 690 830 715; x_wconf 74' lang='lat' dir='ltr'>comparuerunt,</span> <span class='ocrx_word' id='word_1_154' title='bbox 846 691 868 709; x_wconf 80' lang='lat' dir='ltr'>et</span> 
     </span>
     <span class='ocr_line' id='line_1_22' title="bbox 195 717 867 745; baseline -0.001 -6"><span class='ocrx_word' id='word_1_155' title='bbox 195 726 276 739; x_wconf 73' lang='lat' dir='ltr'>examen</span> <span class='ocrx_word' id='word_1_156' title='bbox 290 720 328 739; x_wconf 76' lang='lat' dir='ltr'>rite</span> <span class='ocrx_word' id='word_1_157' title='bbox 343 719 478 745; x_wconf 66' lang='lat' dir='ltr'>expleverunt.</span> <span class='ocrx_word' id='word_1_158' title='bbox 494 719 604 739; x_wconf 79' lang='lat' dir='ltr'>Praemisso</span> <span class='ocrx_word' id='word_1_159' title='bbox 618 719 692 744; x_wconf 79' lang='lat' dir='ltr'>pariter</span> <span class='ocrx_word' id='word_1_160' title='bbox 710 720 760 745; x_wconf 86' lang='lat' dir='ltr'>quod</span> <span class='ocrx_word' id='word_1_161' title='bbox 781 726 816 745; x_wconf 86' lang='lat' dir='ltr'>per</span> <span class='ocrx_word' id='word_1_162' title='bbox 825 717 867 739; x_wconf 74' lang='lat' dir='ltr'>&#39;cn-</span> 
     </span>
     <span class='ocr_line' id='line_1_23' title="bbox 195 746 866 776; baseline -0.003 -6"><span class='ocrx_word' id='word_1_163' title='bbox 195 750 260 776; x_wconf 79' lang='lat' dir='ltr'>pulam</span> <span class='ocrx_word' id='word_1_164' title='bbox 275 750 414 775; x_wconf 82' lang='lat' dir='ltr'>consanguinei</span> <span class='ocrx_word' id='word_1_165' title='bbox 429 746 513 769; x_wconf 78' lang='lat' dir='ltr'>feminae</span> <span class='ocrx_word' id='word_1_166' title='bbox 527 750 634 769; x_wconf 83' lang='lat' dir='ltr'>redduntur</span> <span class='ocrx_word' id='word_1_167' title='bbox 652 749 720 769; x_wconf 78' lang='lat' dir='ltr'>affines</span> <span class='ocrx_word' id='word_1_168' title='bbox 741 749 779 768; x_wconf 86' lang='lat' dir='ltr'>viri</span> <span class='ocrx_word' id='word_1_169' title='bbox 801 750 822 769; x_wconf 93' lang='lat' dir='ltr'>in</span> <span class='ocrx_word' id='word_1_170' title='bbox 835 746 866 769; x_wconf 75' lang='lat' dir='ltr'>&#39;eo</span> 
     </span>
     <span class='ocr_line' id='line_1_24' title="bbox 195 779 866 807; baseline 0 -8"><span class='ocrx_word' id='word_1_171' title='bbox 195 781 256 807; x_wconf 78' lang='lat' dir='ltr'>gradu</span> <span class='ocrx_word' id='word_1_172' title='bbox 271 781 291 799; x_wconf 93' lang='lat' dir='ltr'>in</span> <span class='ocrx_word' id='word_1_173' title='bbox 308 786 344 805; x_wconf 86' lang='lat' dir='ltr'>quo</span> <span class='ocrx_word' id='word_1_174' title='bbox 365 781 411 799; x_wconf 86' lang='lat' dir='ltr'>sunt</span> <span class='ocrx_word' id='word_1_175' title='bbox 431 780 570 805; x_wconf 79' lang='lat' dir='ltr'>consanguinei</span> <span class='ocrx_word' id='word_1_176' title='bbox 585 779 680 802; x_wconf 70' lang='lat' dir='ltr'>feminae,</span> <span class='ocrx_word' id='word_1_177' title='bbox 696 781 717 799; x_wconf 88' lang='lat' dir='ltr'>et</span> <span class='ocrx_word' id='word_1_178' title='bbox 733 781 805 799; x_wconf 73' lang='lat' dir='ltr'>mutua</span> <span class='ocrx_word' id='word_1_179' title='bbox 822 780 866 799; x_wconf 88' lang='lat' dir='ltr'>vice</span> 
     </span>
     <span class='ocr_line' id='line_1_25' title="bbox 195 810 867 835; baseline 0 -5"><span class='ocrx_word' id='word_1_180' title='bbox 195 810 333 835; x_wconf 77' lang='lat' dir='ltr'>consanguinei</span> <span class='ocrx_word' id='word_1_181' title='bbox 352 810 391 829; x_wconf 86' lang='lat' dir='ltr'>viri</span> <span class='ocrx_word' id='word_1_182' title='bbox 405 810 455 829; x_wconf 80' lang='lat' dir='ltr'>fiunt</span> <span class='ocrx_word' id='word_1_183' title='bbox 469 810 536 830; x_wconf 83' lang='lat' dir='ltr'>affines</span> <span class='ocrx_word' id='word_1_184' title='bbox 550 810 634 829; x_wconf 79' lang='lat' dir='ltr'>feminae</span> <span class='ocrx_word' id='word_1_185' title='bbox 648 810 669 829; x_wconf 86' lang='lat' dir='ltr'>in</span> <span class='ocrx_word' id='word_1_186' title='bbox 683 816 705 829; x_wconf 90' lang='lat' dir='ltr'>eo</span> <span class='ocrx_word' id='word_1_187' title='bbox 718 810 780 835; x_wconf 76' lang='lat' dir='ltr'>gradu</span> <span class='ocrx_word' id='word_1_188' title='bbox 794 810 815 829; x_wconf 91' lang='lat' dir='ltr'>in</span> <span class='ocrx_word' id='word_1_189' title='bbox 829 816 867 835; x_wconf 89' lang='lat' dir='ltr'>quo</span> 
     </span>
     <span class='ocr_line' id='line_1_26' title="bbox 195 839 868 866; baseline 0 -7"><span class='ocrx_word' id='word_1_190' title='bbox 195 843 241 860; x_wconf 76' lang='lat' dir='ltr'>sunt</span> <span class='ocrx_word' id='word_1_191' title='bbox 259 840 396 866; x_wconf 76' lang='lat' dir='ltr'>consanguinei</span> <span class='ocrx_word' id='word_1_192' title='bbox 418 840 464 864; x_wconf 28' lang='lat' dir='ltr'>viril,</span> <span class='ocrx_word' id='word_1_193' title='bbox 486 841 572 866; x_wconf 86' lang='lat' dir='ltr'>quodque</span> <span class='ocrx_word' id='word_1_194' title='bbox 586 839 671 859; x_wconf 72' lang='lat' dir='ltr'>affinitas</span> <span class='ocrx_word' id='word_1_195' title='bbox 685 840 763 865; x_wconf 75' lang='lat' dir='ltr'>proprie</span> <span class='ocrx_word' id='word_1_196' title='bbox 777 846 816 860; x_wconf 88' lang='lat' dir='ltr'>non</span> <span class='ocrx_word' id='word_1_197' title='bbox 830 840 868 859; x_wconf 63' lang='lat' dir='ltr'>ha—&gt;</span> 
     </span>
     <span class='ocr_line' id='line_1_27' title="bbox 194 870 867 897; baseline 0 -7"><span class='ocrx_word' id='word_1_198' title='bbox 194 872 227 891; x_wconf 89' lang='lat' dir='ltr'>bet</span> <span class='ocrx_word' id='word_1_199' title='bbox 245 871 330 897; x_wconf 84' lang='lat' dir='ltr'>gradus,</span> <span class='ocrx_word' id='word_1_200' title='bbox 350 871 392 890; x_wconf 65' lang='lat' dir='ltr'>sed*</span> <span class='ocrx_word' id='word_1_201' title='bbox 403 873 541 891; x_wconf 80' lang='lat' dir='ltr'>mensurantur</span> <span class='ocrx_word' id='word_1_202' title='bbox 561 870 632 896; x_wconf 81' lang='lat' dir='ltr'>gradus</span> <span class='ocrx_word' id='word_1_203' title='bbox 652 870 703 889; x_wconf 84' lang='lat' dir='ltr'>inter</span> <span class='ocrx_word' id='word_1_204' title='bbox 721 870 789 890; x_wconf 75' lang='lat' dir='ltr'>affines</span> <span class='ocrx_word' id='word_1_205' title='bbox 810 870 867 890; x_wconf 74' lang='lat' dir='ltr'>iuxta</span> 
     </span>
     <span class='ocr_line' id='line_1_28' title="bbox 194 900 865 927; baseline 0 -7"><span class='ocrx_word' id='word_1_206' title='bbox 194 901 267 927; x_wconf 80' lang='lat' dir='ltr'>gradus</span> <span class='ocrx_word' id='word_1_207' title='bbox 280 901 464 926; x_wconf 82' lang='lat' dir='ltr'>consanguinitatis:</span> <span class='ocrx_word' id='word_1_208' title='bbox 480 901 543 927; x_wconf 85' lang='lat' dir='ltr'>primo</span> <span class='ocrx_word' id='word_1_209' title='bbox 557 901 599 920; x_wconf 88' lang='lat' dir='ltr'>loco</span> <span class='ocrx_word' id='word_1_210' title='bbox 613 900 713 919; x_wconf 89' lang='lat' dir='ltr'>contendit</span> <span class='ocrx_word' id='word_1_211' title='bbox 729 901 796 920; x_wconf 78' lang='lat' dir='ltr'>adesse</span> <span class='ocrx_word' id='word_1_212' title='bbox 812 901 865 920; x_wconf 83' lang='lat' dir='ltr'>inter</span> 
     </span>
     <span class='ocr_line' id='line_1_29' title="bbox 195 930 731 957; baseline -0.004 -6"><span class='ocrx_word' id='word_1_213' title='bbox 195 931 286 956; x_wconf 76' lang='lat' dir='ltr'>coniuges</span> <span class='ocrx_word' id='word_1_214' title='bbox 299 931 459 957; x_wconf 86' lang='lat' dir='ltr'>impedimentum</span> <span class='ocrx_word' id='word_1_215' title='bbox 474 931 576 950; x_wconf 75' lang='lat' dir='ltr'>affinitatis</span> <span class='ocrx_word' id='word_1_216' title='bbox 591 930 611 949; x_wconf 90' lang='lat' dir='ltr'>in</span> <span class='ocrx_word' id='word_1_217' title='bbox 625 930 646 950; x_wconf 78' lang='lat'>2.</span> <span class='ocrx_word' id='word_1_218' title='bbox 662 930 731 955; x_wconf 84' lang='lat' dir='ltr'>gradu.</span> 
     </span>
    </p>

    <p class='ocr_par' dir='ltr' id='par_1_5' title="bbox 193 960 867 1199">
     <span class='ocr_line' id='line_1_30' title="bbox 234 960 866 987; baseline -0.002 -6"><span class='ocrx_word' id='word_1_219' title='bbox 234 961 289 983; x_wconf 80' lang='lat' dir='ltr'>Quod</span> <span class='ocrx_word' id='word_1_220' title='bbox 302 962 326 981; x_wconf 79' lang='lat' dir='ltr'>ut</span> <span class='ocrx_word' id='word_1_221' title='bbox 339 961 436 984; x_wconf 76' lang='lat' dir='ltr'>ostendat,</span> <span class='ocrx_word' id='word_1_222' title='bbox 451 961 531 980; x_wconf 76' lang='lat' dir='ltr'>adducit</span> <span class='ocrx_word' id='word_1_223' title='bbox 545 961 629 987; x_wconf 85' lang='lat' dir='ltr'>primum</span> <span class='ocrx_word' id='word_1_224' title='bbox 643 960 782 986; x_wconf 84' lang='lat' dir='ltr'>depositionem</span> <span class='ocrx_word' id='word_1_225' title='bbox 799 961 866 980; x_wconf 85' lang='lat' dir='ltr'>coniu-</span> 
     </span>
     <span class='ocr_line' id='line_1_31' title="bbox 195 991 866 1017; baseline -0.001 -6"><span class='ocrx_word' id='word_1_226' title='bbox 195 998 248 1017; x_wconf 73' lang='lat' dir='ltr'>gum,</span> <span class='ocrx_word' id='word_1_227' title='bbox 263 992 296 1017; x_wconf 87' lang='lat' dir='ltr'>qui</span> <span class='ocrx_word' id='word_1_228' title='bbox 311 991 392 1011; x_wconf 80' lang='lat' dir='ltr'>confessi</span> <span class='ocrx_word' id='word_1_229' title='bbox 413 992 459 1011; x_wconf 83' lang='lat' dir='ltr'>sunt</span> <span class='ocrx_word' id='word_1_230' title='bbox 480 991 559 1010; x_wconf 83' lang='lat' dir='ltr'>scivisse</span> <span class='ocrx_word' id='word_1_231' title='bbox 580 991 657 1016; x_wconf 84' lang='lat' dir='ltr'>quidem</span> <span class='ocrx_word' id='word_1_232' title='bbox 675 991 759 1010; x_wconf 81' lang='lat' dir='ltr'>Paulum</span> <span class='ocrx_word' id='word_1_233' title='bbox 781 991 866 1017; x_wconf 84' lang='lat' dir='ltr'>primum</span> 
     </span>
     <span class='ocr_line' id='line_1_32' title="bbox 194 1020 865 1047; baseline -0.001 -5"><span class='ocrx_word' id='word_1_234' title='bbox 194 1022 312 1042; x_wconf 67' lang='lat' dir='ltr'>Catharinae</span> <span class='ocrx_word' id='word_1_235' title='bbox 326 1022 426 1044; x_wconf 81' lang='lat' dir='ltr'>maritum,</span> <span class='ocrx_word' id='word_1_236' title='bbox 442 1021 525 1041; x_wconf 86' lang='lat' dir='ltr'>secundo</span> <span class='ocrx_word' id='word_1_237' title='bbox 541 1021 718 1047; x_wconf 71' lang='lat' dir='ltr'>consanguinitatis</span> <span class='ocrx_word' id='word_1_238' title='bbox 738 1020 805 1047; x_wconf 80' lang='lat' dir='ltr'>gradu&#39;</span> <span class='ocrx_word' id='word_1_239' title='bbox 821 1027 865 1041; x_wconf 86' lang='lat' dir='ltr'>cum</span> 
     </span>
     <span class='ocr_line' id='line_1_33' title="bbox 194 1051 865 1078; baseline -0.001 -7"><span class='ocrx_word' id='word_1_240' title='bbox 194 1052 273 1078; x_wconf 86' lang='lat' dir='ltr'>Iosepho</span> <span class='ocrx_word' id='word_1_241' title='bbox 288 1058 328 1071; x_wconf 80' lang='lat' dir='ltr'>esse</span> <span class='ocrx_word' id='word_1_242' title='bbox 343 1052 475 1074; x_wconf 84' lang='lat' dir='ltr'>coniunctum,</span> <span class='ocrx_word' id='word_1_243' title='bbox 491 1052 523 1070; x_wconf 88' lang='lat' dir='ltr'>sed</span> <span class='ocrx_word' id='word_1_244' title='bbox 538 1052 638 1077; x_wconf 86' lang='lat' dir='ltr'>ignorasse</span> <span class='ocrx_word' id='word_1_245' title='bbox 652 1051 765 1071; x_wconf 75' lang='lat' dir='ltr'>idreddere</span> <span class='ocrx_word' id='word_1_246' title='bbox 783 1058 814 1071; x_wconf 85' lang='lat' dir='ltr'>eos</span> <span class='ocrx_word' id='word_1_247' title='bbox 835 1052 865 1071; x_wconf 87' lang='lat' dir='ltr'>in-</span> 
     </span>
     <span class='ocr_line' id='line_1_34' title="bbox 193 1081 867 1109; baseline -0.001 -7"><span class='ocrx_word' id='word_1_248' title='bbox 193 1082 268 1102; x_wconf 81' lang='lat' dir='ltr'>habiles</span> <span class='ocrx_word' id='word_1_249' title='bbox 283 1083 304 1101; x_wconf 87' lang='lat' dir='ltr'>ut</span> <span class='ocrx_word' id='word_1_250' title='bbox 319 1088 342 1101; x_wconf 82' lang='lat' dir='ltr'>se</span> <span class='ocrx_word' id='word_1_251' title='bbox 353 1081 478 1101; x_wconf 68' lang='lat' dir='ltr'>matrimonio</span> <span class='ocrx_word' id='word_1_252' title='bbox 492 1081 612 1107; x_wconf 80' lang='lat' dir='ltr'>copularent.</span> <span class='ocrx_word' id='word_1_253' title='bbox 628 1081 684 1109; x_wconf 73' lang='lat' dir='ltr'>Hanc</span> <span class='ocrx_word' id='word_1_254' title='bbox 697 1082 801 1107; x_wconf 84' lang='lat' dir='ltr'>coniugum</span> <span class='ocrx_word' id='word_1_255' title='bbox 820 1088 867 1101; x_wconf 90' lang='lat' dir='ltr'>con-</span> 
     </span>
     <span class='ocr_line' id='line_1_35' title="bbox 193 1111 865 1137; baseline 0 -6"><span class='ocrx_word' id='word_1_256' title='bbox 193 1112 296 1132; x_wconf 78' lang='lat' dir='ltr'>fessionem</span> <span class='ocrx_word' id='word_1_257' title='bbox 310 1112 406 1131; x_wconf 82' lang='lat' dir='ltr'>sinceram</span> <span class='ocrx_word' id='word_1_258' title='bbox 420 1118 461 1131; x_wconf 84' lang='lat' dir='ltr'>esse</span> <span class='ocrx_word' id='word_1_259' title='bbox 475 1118 499 1131; x_wconf 83' lang='lat' dir='ltr'>ex</span> <span class='ocrx_word' id='word_1_260' title='bbox 513 1118 535 1131; x_wconf 85' lang='lat' dir='ltr'>eo</span> <span class='ocrx_word' id='word_1_261' title='bbox 549 1112 624 1135; x_wconf 85' lang='lat' dir='ltr'>deduci,</span> <span class='ocrx_word' id='word_1_262' title='bbox 635 1111 685 1137; x_wconf 85' lang='lat' dir='ltr'>quod</span> <span class='ocrx_word' id='word_1_263' title='bbox 699 1112 716 1131; x_wconf 88' lang='lat' dir='ltr'>si</span> <span class='ocrx_word' id='word_1_264' title='bbox 726 1112 769 1137; x_wconf 86' lang='lat' dir='ltr'>ipsa</span> <span class='ocrx_word' id='word_1_265' title='bbox 778 1112 865 1132; x_wconf 86' lang='lat' dir='ltr'>novisset</span> 
     </span>
     <span class='ocr_line' id='line_1_36' title="bbox 193 1140 866 1162; baseline 0 0"><span class='ocrx_word' id='word_1_266' title='bbox 193 1142 302 1162; x_wconf 86' lang='lat' dir='ltr'>huiusmodi</span> <span class='ocrx_word' id='word_1_267' title='bbox 317 1149 360 1162; x_wconf 86' lang='lat' dir='ltr'>cum</span> <span class='ocrx_word' id='word_1_268' title='bbox 375 1142 463 1162; x_wconf 77' lang='lat' dir='ltr'>Rossetti</span> <span class='ocrx_word' id='word_1_269' title='bbox 478 1140 594 1162; x_wconf 77' lang='lat' dir='ltr'>affinitatem</span> <span class='ocrx_word' id='word_1_270' title='bbox 609 1142 714 1162; x_wconf 82' lang='lat' dir='ltr'>reddidisse</span> <span class='ocrx_word' id='word_1_271' title='bbox 728 1142 804 1162; x_wconf 88' lang='lat' dir='ltr'>nullum</span> <span class='ocrx_word' id='word_1_272' title='bbox 823 1149 866 1162; x_wconf 85' lang='lat' dir='ltr'>ma-</span> 
     </span>
     <span class='ocr_line' id='line_1_37' title="bbox 193 1169 865 1199; baseline 0 -7"><span class='ocrx_word' id='word_1_273' title='bbox 193 1173 307 1192; x_wconf 85' lang='lat' dir='ltr'>trimonium</span> <span class='ocrx_word' id='word_1_274' title='bbox 322 1171 365 1192; x_wconf 81' lang='lat' dir='ltr'>cum</span> <span class='ocrx_word' id='word_1_275' title='bbox 379 1179 401 1192; x_wconf 91' lang='lat' dir='ltr'>eo</span> <span class='ocrx_word' id='word_1_276' title='bbox 415 1173 495 1196; x_wconf 83' lang='lat' dir='ltr'>initum,</span> <span class='ocrx_word' id='word_1_277' title='bbox 511 1180 551 1193; x_wconf 89' lang='lat' dir='ltr'>non</span> <span class='ocrx_word' id='word_1_278' title='bbox 565 1174 608 1199; x_wconf 82' lang='lat' dir='ltr'>post</span> <span class='ocrx_word' id='word_1_279' title='bbox 624 1174 667 1192; x_wconf 78' lang='lat' dir='ltr'>octo</span> <span class='ocrx_word' id='word_1_280' title='bbox 688 1173 728 1192; x_wconf 81' lang='lat' dir='ltr'>fere</span> <span class='ocrx_word' id='word_1_281' title='bbox 750 1179 810 1193; x_wconf 79' lang='lat' dir='ltr'>annos</span> <span class='ocrx_word' id='word_1_282' title='bbox 831 1169 865 1193; x_wconf 72' lang='lat' dir='ltr'>sed</span> 
     </span>
    </p>
   </div>
  </div>
 </body>
</html>
