917 1308
202 69 224 85 5&
506 73 566 85 niman.
761 82 765 87 .

201 99 269 118 denter
283 106 305 119 ac
319 100 399 125 paterne
421 99 485 119 locum
505 99 597 119 habeant.
614 99 637 119 In
657 99 695 122 hoc,
711 99 763 119 enim
781 99 874 119 habenda

200 131 230 149 est
243 129 293 149 ratio
308 129 422 155 prudentiae
441 130 461 149 et
475 130 625 149 amovendorum
643 130 711 149 honori
732 129 874 149 consulendum

180 179 182 181 ,
200 160 237 183 est;
253 160 343 179 Pitonius
356 159 386 179 De
400 163 486 179 controv.
499 163 582 186 patron.
598 160 659 186 alley.
672 160 712 179 198
720 160 788 186 suppl.
800 159 835 182 23,
848 166 876 178 ne

202 197 212 209 ‹
228 196 252 210 ex
265 190 362 210 amotione
376 190 455 210 dedecus
469 190 501 210 vel
511 190 599 215 infiamia,
608 197 641 210 seu
651 190 704 210 aliud
714 196 806 216 magnum
816 196 876 216 prae-

200 221 293 240 iudicium
307 221 368 240 eiecto
382 222 490 240 censeatur.
507 229 517 240 ›
532 221 590 243 Quod·
601 222 618 240 si
632 221 684 241 iusta
692 227 750 240 causa
759 221 832 246 requiri
841 227 877 240 so-

200 251 235 274 let,
250 252 273 277 ut
287 252 373 271 revocari
387 251 463 277 possint
476 251 507 271 vel
522 251 560 277 ipsi
574 252 643 270 vicarii
657 252 725 276 curatii
741 251 855 271 amovibiles
866 265 873 274 ,

200 288 235 301 ceu
249 281 269 301 S.
280 281 303 301 G.
319 281 342 301 C.
358 281 379 301 in
393 281 463 300 Asten.
478 280 507 301 27
521 281 573 301 Iulii
587 281 651 303 1867,
666 288 677 301 a
691 281 767 301 fortiori
785 281 876 307 profecto

200 312 246 331 talis
260 312 313 331 iusta
326 318 384 331 causa
393 312 459 331 adesse
469 312 532 336 debet,
544 313 566 331 ut
580 312 634 332 licite
644 313 757 332 amoveatur
767 312 872 337 parochus,

200 342 238 362 etsi
252 342 370 361 amovibilis.

241 373 329 397 Iamvero
342 373 359 392 si
372 373 420 393 haec
434 373 457 392 ad
472 379 537 393 casum
552 373 670 399 applicemus
679 387 684 396 ‚
699 373 824 399 conqueritur
837 379 876 398 pa-

200 404 269 423 rochus
279 409 306 427 se,
317 403 401 429 quinque
415 409 510 423 annomm
524 403 612 426 decursu,
627 403 728 429 quinquies
741 404 766 422 ab
780 409 818 422 uno
829 402 874 422 loco

199 434 224 454 ad
238 434 298 453 alium
313 433 431 453 translatum
441 433 507 457 fuisse·
519 434 569 453 unde
577 440 659 459 pronum
668 434 762 460 suspicari
772 434 809 457 ost,
820 433 873 458 quod

200 465 221 484 iu
236 465 274 484 ista
288 463 370 484 dioecesi
384 464 466 483 remotio
480 464 620 490 parochorum,
636 470 669 483 seu
685 464 789 483 translatio
804 464 875 483 incon·-

200 494 252 514 sulto
265 495 323 523 atque
337 500 361 513 ex
375 500 427 513 mero
441 494 522 513 arbitrio
531 494 573 513 flat.
595 494 597 496 ’

240 525 268 544 At
281 530 389 544 sermonem
399 524 505 543 instituens
519 524 607 543 taxative
621 524 645 543 ad
659 525 749 544 ultimam
757 524 875 543 translatio-

199 561 244 575 nem
258 561 269 574 e
282 555 370 580 paroecia
384 561 400 574 s.
409 554 473 578 Petri,
487 555 580 574 sustinuit
590 555 684 580 parochus
694 555 804 574 nullomodo
818 554 875 573 suffi-

200 585 272 605 cientes
282 583 355 604 'causas
368 585 452 605 adfuisse
471 585 496 604 ad
514 585 648 604 remotionem.
670 585 768 611 Siquidem
782 585 872 607 omnium

200 614 337 634 difficultatum
346 615 440 640 originem
450 615 520 634 exinde
528 615 611 638 venisse,
621 615 670 641 quod
677 622 720 635 cum
730 615 808 641 quidam
816 615 874 634 Mar-

199 645 280 665 cellinus
294 645 363 665 Pascal
377 642 472 665 assei-eret
485 645 522 665 sibi
537 647 645 671 competere
664 646 694 665 ius
708 645 808 665 obtinendi
827 651 873 664 sca-

200 682 266 695 mnum
281 676 378 702 peculiare
392 682 414 696 ac
431 676 539 701 gratuitum
559 676 579 695 in
593 672 681 695 'ecclesia
699 676 818 702 parochiali,
833 676 873 695 hu-

200 706 282 725 iusmodi
296 707 419 732 praetensum
433 706 469 725 iusv
478 713 490 725 a
503 706 586 732 parocho
600 707 730 732 posthabitum
746 706 791 726 fuit.
814 706 872 728 Quod

199 742 256 762 aegre
271 736 334 756 ferens
348 736 481 760 MarcellinuS,
493 737 553 756 filiam
564 743 618 756 suam
628 737 719 756 tredecim
729 742 790 756 annos
801 738 872 757 natam

199 767 303 793 impedivit
316 767 417 792 quominus
431 767 534 786 interesset
547 767 654 793 parochiali
668 767 792 790 catechismo,
812 772 872 792 quem

199 796 323 822 frequentare
337 797 417 817 debebat
431 798 453 817 ut
467 797 491 816 ad
505 797 583 816 Sacram
598 797 692 823 Synaxim
706 797 770 823 prima
783 797 873 816 vicend-

199 827 319 850 mitteretur;
335 827 429 853 simulque
443 828 500 853 plura
513 829 581 847 contra
601 827 705 853 parochum
725 828 811 847 minatus
830 829 870 851 est,

199 858 251 876 certe
265 857 367 883 explenda,
382 859 483 884 postquam
497 858 539 878 fllia
557 864 591 878 sua
611 858 636 877 ad
657 857 739 883 primam
760 857 871 883 angelicam
897 872 912 885 Ι,

199 893 286 907 mensam
300 887 432 909 aceeSSlsset..
474 908 477 910 ¹

239 918 323 937 Putavit
335 919 399 937 autem
410 919 457 938 tunc
467 919 554 938 sacerdos
550 895 670 938 'Ludovicus
679 919 809 944 opportunum
817 918 871 942 fieri,

191 948 215 967 ·si
229 948 310 974 puellae
319 949 428 968 communio
442 948 559 972 differretur
582 954 660 977 remque
680 948 775 975 Episcopo
793 949 871 974 signifi-

198 978 273 998 ficavit.
289 978 326 997 Sed
339 978 372 998 hic
385 979 456 999 maluit
470 979 526 998 fidem
540 978 609 998 habere
623 978 745 1002 Marcellino,
756 979 811 1005 eique
824 985 871 1005 per-

198 1008 260 1031 misit,
275 1010 298 1028 ut
307 1008 373 1028 ‘filiam
387 1015 441 1029 suam
452 1009 545 1028 duceret'
540 1015 560 1028 in
570 1008 630 1028 aliam
639 1009 747 1034 paroeciam
756 1009 781 1029 ad
791 1015 806 1028 s.
818 1009 870 1035 Syn-

197 1038 250 1058 axim
265 1039 413 1069 suscipiendam.
430 1039 483 1058 Tunc
497 1039 584 1058 sacerdos
600 1039 709 1058 Ludovicus
728 1039 806 1059 litteras
821 1039 870 1065 Epi-

198 1076 253 1095 scopo
267 1070 319 1090 dedit
334 1070 403 1096 quibus
416 1070 452 1089 ait:
468 1071 532 1095 potest
547 1076 572 1089 ne
588 1069 694 1096 Episcopus
712 1070 825 1096 permittere
846 1071 870 1089 ut

196 1100 269 1134 puella,
285 1100 321 1125 sibi
336 1100 404 1126 ignota
417 1102 553 1126 promoveatur
567 1100 591 1119 ad
611 1100 694 1126 primam
713 1101 869 1120 communionem

198 1130 219 1150 in
234 1131 321 1156 paroecia
335 1131 410 1150 alienae
424 1130 531 1150 Dioeeesis?
546 1131 596 1150 Dum
610 1131 703 1156 parochus
718 1131 806 1156 proprius
822 1137 870 1156 pru-

189 1160 266 1189 denter
279 1161 354 1180 censuit
368 1161 455 1180 eamdem
469 1166 507 1180 non
521 1167 641 1187 promovere,
649 1161 712 1180 causis
725 1161 805 1181 innixus
819 1161 870 1187 legi-
