917 1308
355 62 467 74 munuum
717 58 748 75 133

73 86 262 105 consummationem
271 100 276 109 ‚
292 87 315 106 ut
329 85 404 106 nullam
418 86 558 106 dubitationem
578 86 711 112 relinquerent
725 87 749 106 de

74 116 116 136 viri
129 116 238 141 respectiva
252 116 376 142 impotentia.

117 146 140 165 In
154 146 203 165 vado
217 146 278 172 posito
292 146 342 171 quod
356 146 502 166 matrimonium
511 146 532 166 in
542 152 587 166 casu
601 146 627 166 sit
636 147 701 166 ratum
715 147 748 166 sed

73 182 114 196 non
128 177 290 199 consummatum,
304 176 391 202 quodque
405 176 484 196 dissolvi
498 177 581 202 nequeat
597 176 661 202 quoad
679 176 748 196 vincu-

73 206 116 226 lum
130 213 155 226 ex
168 213 225 226 causa
239 207 372 232 impotentiae,
387 207 433 232 quia
447 206 494 226 haee
507 211 545 226 non
559 206 627 226 existit
647 212 708 232 neque
722 212 747 226 ex

74 238 131 263 parte
144 237 191 259 viri,
206 243 266 262 neque
280 243 305 256 ex
317 238 373 263 parte
386 236 474 256 mulieris
485 250 490 259 ,
505 242 553 262 quae
572 236 645 256 fatetur
662 236 747 262 perfecte

73 266 183 286 functiones
197 266 297 286 maritales
311 272 377 292 gerere
391 272 435 286 cum
448 266 533 289 homine,
548 272 592 286 cum
607 271 644 292 quo
660 266 747 286 civiliter

73 297 131 316 unita
140 298 177 320 est;
187 296 238 316 nihil
247 297 299 316 aliud
310 302 407 322 superesse
416 297 445 316 ait
454 302 512 322 quam
522 302 620 316 recursum
629 296 654 316 ad
663 296 683 316 S.
695 296 747 316 Pon-

72 327 156 350 tificem,
172 328 194 346 ut
208 327 325 347 auctoritate
337 324 444 353 apostolica
458 326 570 353 dispensare
584 326 676 353 dignetur
689 333 746 353 super

73 357 153 377 vinculo
166 357 223 377 huius
237 357 358 377 matrimonii
378 358 401 377 ob
421 356 523 377 horribiles
544 357 709 380 circumstantias,
724 357 746 376 in

70 388 144 413 quihus
157 387 252 413 plurimae
267 393 359 413 personae
373 387 508 406 inveniuntur.

115 417 180 442 Neque
194 417 267 443 aliquid
276 416 369 437 facessere
379 417 488 442 opinionem
497 417 622 443 quorumdam
632 417 743 441 Doctorum,

70 447 107 473 qni
121 448 195 473 negant
208 453 263 477 posse
277 447 391 467 Pontificem
410 447 521 474 dispensare
536 453 594 473 super
609 447 742 470 matrimonio,

71 478 113 497 etsi
127 478 205 497 tantum
219 479 270 501 rato,
286 479 400 501 asserentes,
416 478 465 503 quod
479 477 555 503 antiqui
568 477 673 497 Pontifices
687 478 708 496 in
721 483 744 497 eo

71 514 181 533 numquam
195 508 339 533 dispensarunt:
355 508 402 528 item
415 508 466 533 qnod
480 507 572 527 Pontifex
581 507 692 533 dispensare
705 513 745 527 non

72 539 138 564 potest
153 538 174 557 in
188 538 230 557 iure
243 538 310 557 divino
324 539 343 557 et
357 538 451 561 naturali,
467 544 490 557 ac
504 536 540 563 per'
551 543 668 563 consequens
683 543 745 563 neque

73 568 96 587 in
110 567 236 587 matrimonio
249 569 327 588 tantum
341 569 391 591 rato,
406 568 452 594 quia
466 568 529 594 ipsum
541 573 616 593 quoque
625 568 667 587 iure
676 567 744 587 divino

71 599 94 618 et
107 598 195 617 naturali
209 599 239 618 est
252 597 362 621 insolubile,
377 599 400 618 ut
414 599 468 624 patet
481 604 506 618 ex
519 598 583 618 verbis
592 597 674 618 Christi.
687 597 745 619 Quod

73 627 130 647 Deus
142 629 254 647 coniunaeft
267 628 324 647 homo
338 634 379 647 non
393 631 477 654 separet.
493 628 529 648 His
543 628 595 647 enim
614 633 652 647 non
666 628 745 647 obstan-

71 658 125 677 tibus
138 658 255 677 sententiam
269 658 325 678 hodie
339 658 490 684 receptissimam
513 659 533 677 et
551 657 673 677 verissimam
693 663 742 681 esse,

68 688 123 713 quod
137 687 192 713 Papa
205 688 266 713 possit
279 688 392 714 dispensare
405 688 426 708 in
440 688 564 708 matrimonio
585 688 629 707 rato
646 687 741 711 fidelium,

71 718 108 741 ita,
124 719 147 738 ut
160 718 224 738 Gobat
237 719 257 737 et
271 717 377 743 Pignatell.
393 719 473 738 teneant
486 718 528 737 sine
542 718 653 737 temeritate
666 719 686 737 et
699 723 745 737 oon-

70 747 155 768 tumelia
168 747 222 767 Sedis
232 748 354 774 Apostoiicae
363 748 481 767 contrarium
491 748 550 767 asseri
560 753 598 767 non
613 753 673 773 posse.
685 747 747 773 quue⁴

71 778 137 797 evinci
150 784 175 797 ex
189 777 240 797 facto
253 779 284 797 tot
297 784 323 806 ss.
332 777 457 801 Pontificum,
472 778 505 803 qui
515 784 527 797 a
535 778 629 803 Gregorio
638 777 676 797 V11
685 782 745 803 usque

70 808 97 828 ad
110 809 178 828 nostra
190 808 238 827 haec
251 810 338 834 tempora
353 808 373 828 in
387 808 480 828 eiusmodi
493 808 589 834 coniugiis
598 808 743 834 dispensarunt,

72 844 120 863 quos
133 844 200 857 omnes
214 838 318 858 Pontifices
332 838 353 857 in
367 844 388 858 re
402 839 442 858 tam
456 838 512 864 gravi
526 844 600 858 emese
609 837 651 857 sine
665 838 744 858 temeri-

70 869 114 888 tate
128 868 167 887 dici
181 874 219 887 non
234 874 295 894 posse.

112 897 167 920 Quod
181 898 197 917 si
211 898 335 918 Innocentius
349 898 396 917 VIII
410 904 453 918 cum
467 898 608 924 supplicaretur
626 905 661 925 pro
674 898 744 918 matri—

69 928 132 947 monii
146 928 231 947 nondum
245 928 372 948 consummati
386 928 541 954 dispensatione,
556 929 656 954 respondit
669 935 690 948 se
704 934 743 948 non
765 942 768 944 >

70 963 126 984 posse
140 957 258 984 dispensare,
274 958 310 978 hoc
323 958 472 984 intelligendum
486 964 527 978 esse
547 958 589 978 sine
607 965 664 978 causa
678 959 740 982 iusta;

69 990 91 1008 et
111 988 231 1014 prababilius
254 995 295 1008 esse
318 989 411 1009 eiusmodi
436 989 601 1015 dispensationem
621 989 663 1009 sine
685 995 743 1009 causa

69 1024 181 1038 concessam
195 1019 302 1039 invaiidam
317 1025 365 1042 esse,
380 1019 425 1044 quia
439 1019 599 1039 indissolubilitas
609 1033 614 1043 ‚
629 1025 687 1045 quam
701 1025 743 1039 ma-

68 1049 185 1068 trimonium
199 1050 263 1069 ratum
277 1049 348 1072 habet,
364 1049 415 1068 iusta
431 1055 551 1069 communem
566 1049 608 1069 DD.
624 1049 742 1069 sententium

67 1079 168 1098 descendit
182 1085 206 1098 ex
219 1080 262 1099 iure
276 1079 350 1102 divium
366 1080 424 1105 atque
439 1079 460 1098 in
473 1079 509 1099 hoc
523 1085 561 1099 non
575 1085 610 1105 pro
624 1079 692 1102 lubito,
708 1079 742 1099 sed

67 1110 162 1129 suadente
177 1110 253 1129 tentum
268 1112 302 1130 aut
316 1110 406 1135 exigente
416 1110 476 1136 ⁴iusta
490 1116 555 1133 causa,
570 1110 694 1136 dispensandi
708 1115 742 1135 po-

67 1140 161 1160 testatem
175 1139 267 1160 Pontifex
281 1146 292 1160 s
306 1140 346 1160 Deo
360 1139 441 1165 aceepit,
456 1141 479 1159 ut
492 1146 536 1159 eum
549 1139 569 1160 S.
581 1140 655 1159 Thomu
669 1139 742 1166 passim
