917 1308
337 66 449 78 nmmum
695 61 726 78 12⁹

55 92 145 114 habetur,
160 91 210 117 quod
224 91 281 111 fidem
294 91 369 112 Eaciunt
383 97 446 110 eoram
461 90 523 110 iudice
540 90 669 110 ecclesiastico
683 90 728 110 acta

56 128 121 141 coram
135 121 198 141 iudice
211 121 260 141 laico
274 121 362 141 confecta.
377 121 427 140 Ccm.
443 120 553 146 Principes
562 123 580 140 et
590 120 642 140 Sess.
652 120 689 143 23,
699 120 727 139 59

35 161 39 165 ·
58 152 117 172 Cone.
131 151 184 171 Cum
198 151 224 171 ad
237 157 309 171 verum
323 151 370 170 dixi.
381 150 415 170 96.
431 150 483 173 Quin
496 151 559 171 obstet
575 156 636 170 canon
651 150 727 169 Sinon

56 189 69 202 α
83 183 203 208 competenti
216 181 291 203 iudice,
301 182 322 200 in
332 181 366 201 illo
375 181 427 200 enim
441 187 513 201 canone
523 179 619 201 sententia
628 180 726 203 irritatur,

57 212 137 238 ideoque
151 212 172 231 in
186 217 208 231 eo
225 211 323 231 sententia
343 211 408 237 potius
430 217 488 237 quam
510 211 596 236 probatio
617 210 726 236 respicitur.

57 242 168 262 Iurisdictio
182 242 203 261 in
216 241 318 261 iudicando
331 243 352 261 et
366 241 387 261 in
401 241 518 261 sententiam
538 240 617 260 ferendo
630 240 728 266 principa-

56 272 105 292 liter
118 272 214 295 consistit,
230 278 269 291 non
282 272 303 291 in
318 272 439 298 probationes
451 271 566 296 colligendo.
727 279 730 282 ·

98 302 156 322 Hisce
170 303 191 321 in
205 302 246 321 iure
259 302 362 328 praeiaotis
376 302 472 324 observat,
488 301 539 327 quod
559 301 602 321 cun‘i
621 301 676 321 curia
688 307 734 325 non,

57 335 123 359 posset
136 332 177 353 ullo
189 332 245 352 modo
265 333 321 352 iuxta
341 332 499 352 constitutionem
521 332 621 351 Benedicti
642 331 690 351 XIV
707 332 728 351 in

57 363 147 382 omnibus
161 362 268 389 procedere,
280 362 353 385 debuit,
364 364 442 388 propter
451 362 533 382 salutem
548 362 656 381 animarum
666 363 686 381 et
695 368 729 381 ne-

57 393 155 413 cessitatis
168 399 233 415 causa,
244 393 268 412 ad
277 392 387 418 generalem
401 393 479 418 praxim
498 392 546 412 iuris
566 391 674 418 procedere.
690 391 729 410 Ve-

57 429 102 446 rum
111 422 166 442 salva
175 423 269 442 remansit
278 423 386 442 iurisdictio
396 422 532 445 ecclesiastica,
543 428 626 448 namque
635 422 728 441 iudicium

58 452 153 475 exercuity
164 458 186 471 ac
195 452 240 472 aliis
249 453 355 472 rationibus
364 454 385 472 et
394 452 514 478 argumentis
524 452 600 475 innixa,
611 452 728 472 sententiam

58 483 126 502 emisit
139 482 253 502 dissimilem
267 483 291 502 ab
304 482 347 505 illa,
362 489 410 508 quae
424 489 435 502 a
449 483 511 502 iudice
526 482 575 502 laico
589 482 628 501 fuit
645 488 728 508 pronun-

59 513 118 533 tiata.
149 521 152 524 ·

100 543 164 568 Atque
177 548 200 562 eo
213 542 244 561 vel
258 542 321 568 magis
334 542 364 561 uti
378 548 432 568 posse
445 543 509 567 urget,
525 543 570 568 quia
585 542 604 561 in
619 548 707 568 processu
717 548 729 561 a

59 573 115 593 laicis
129 572 224 592 iudicibus
237 571 356 591 confectoea
365 572 430 592 omnia
443 574 521 598 peracta
530 572 617 595 fuerunt,
628 578 676 597 quae
686 573 729 592 tum

58 604 80 623 in
94 609 137 622 can.
156 602 231 622 occidit
244 601 272 622 23
286 608 305 628 q.
320 602 335 621 8
349 604 391 621 tum'
405 602 465 622 etiam
479 603 499 622 in
513 609 529 622 c.
545 608 593 622 cwm
606 608 690 621 causam
701 602 729 621 37

58 634 79 653 h.
95 634 127 655 ttst.
149 633 268 658 praescripta
281 632 414 652 inveniuntur.
437 632 535 658 Siquidem
550 634 609 652 testes
623 632 660 652 fide
674 632 729 658 digni

58 663 121 683 habiti
136 664 189 685 sunt,
205 662 300 688 iidemque
315 661 431 688 interrogati
445 662 524 682 fuerunt
538 669 577 682 non
590 663 653 682 solum
660 663 684 682 de
693 663 729 682 im-

58 693 148 719 potentia
161 693 207 716 viri,
223 692 255 712 sed
269 694 289 712 et
302 692 325 712 de
339 699 397 712 causa
410 693 468 712 huius
484 693 611 719 impotentiae
620 707 625 716 ,
634 694 663 712 -et
683 699 730 719 quo-

58 723 116 742 modo
131 729 190 742 unam
206 723 226 742 et
240 722 299 742 aliam
314 723 423 742 scivissent.
435 722 515 748 Insuper
528 724 592 742 utrum
602 723 731 748 cognoverint

59 753 132 776 virum,
147 759 185 778 qua
199 753 304 776 occasione,
315 759 352 778 quo
361 754 453 778 tempore,
470 753 538 778 quibus
556 753 624 772 mediis
639 753 730 773 notitiam

58 783 164 803 habuerint
177 782 200 802 de
214 782 289 802 intimis
303 782 431 802 familiaribus
445 783 494 802 actis
508 784 549 802 tam
562 783 601 802 viri
615 789 673 808 quam
687 789 730 803 mu-

58 813 121 833 lieris:
137 819 231 838 quaenam
240 813 296 838 signa
306 812 432 838 collegerunt,
444 813 494 832 unde
503 813 594 832 iudicium
604 813 731 833 efformarunt

58 845 101 863 tam
110 844 199 868 respectu
209 842 254 868 viri,
265 849 323 868 quam
332 842 427 865 mulieris,
438 849 482 862 eum
491 843 560 868 quibus
569 844 656 869 personis
666 844 730 869 sponsi
747 861 750 863 .

58 873 225 893 conversationem
239 872 348 892 habuerunt
361 874 381 892 et
402 873 442 892 alia
462 873 579 893 huiusmodi.
595 873 669 893 Iudices
684 874 729 893 laici

59 902 205 928 investigarunt
218 909 243 922 an
252 903 311 922 testes
321 904 341 922 et
350 902 419 922 medici
429 903 522 923 interesse
531 903 625 923 haberent
634 904 655 923 in
664 910 729 924 causa:

59 934 80 953 et
97 933 114 952 si
128 932 231 958 aliquando
245 934 287 952 erat
301 933 383 958 suspicio
396 933 445 958 quod
460 934 519 953 testes
534 933 583 953 falsa
603 934 729 960 deponerent,

60 969 126 983 severe
141 963 279 983 examinabant
293 963 377 983 rationes
391 965 410 983 et
424 965 551 989 argumenta,
566 964 634 990 quibus
648 959 732 990 suspicio

60 994 168 1013 nitebatur.

101 1023 155 1043 Haec
166 1023 191 1042 ,de
205 1024 294 1046 testibus3
309 1029 346 1048 quo
360 1029 406 1042 vero
420 1024 444 1043 ad
458 1024 549 1047 medicos,
564 1025 597 1050 qui
613 1025 731 1050 inspicerent

62 1060 142 1079 corpora
152 1055 280 1079 -sponsorum,'
292 1054 332 1073 tres
346 1053 409 1072 vocati
424 1053 511 1077 fuerunt,
526 1055 559 1080 qui
580 1055 677 1080 publicam
692 1061 731 1074 me-

60 1084 136 1103 dicinae
150 1084 262 1103 cathedram
277 1083 297 1102 in
311 1082 439 1111 Neapolitano
452 1084 547 1104 athaeneo
569 1081 673 1108 tenebant,
689 1085 732 1103 ideo

61 1114 81 1132 in
94 1113 205 1133 huiusmodi
219 1113 267 1132 viris
282 1113 398 1133 doctissimis
412 1119 450 1133 nou
464 1115 579 1139 supponitur
599 1120 653 1134 error
666 1115 689 1134 de
703 1114 733 1133 fa-

60 1145 98 1167 cto,
114 1143 165 1169 quod
179 1143 236 1163 facile
250 1144 353 1169 inspicitur
367 1149 379 1162 a
392 1149 510 1169 quocumque
524 1145 615 1164 mediocri
625 1145 732 1170 medicinae
755 1152 757 1154 ¹

110 1181 154 1196 Aet«,
164 1180 250 1193 ro-sz.
256 1175 296 1197 ,rui-0.
304 1180 371 1193 00111.
399 1191 402 1193 .
675 1183 683 1194 ο
