917 1308
206 60 239 77 12⁰
404 64 508 76 riemann«.
521 64 549 76 ssu
562 63 669 75 amioum·

206 89 291 108 reoolens
305 88 386 109 Olevani
400 88 504 114 pamelium
517 94 556 108 non
569 88 665 111 defuisse,
681 86 701 107 se
722 88 787 107 autem
807 87 871 113 pridie

207 119 248 139 dies
262 118 353 138 festorum
364 125 439 144 semper
452 119 499 138 illuc
508 119 595 142 rediisse3
605 124 664 144 usque
673 118 719 137 dum
729 119 795 138 tamen
804 119 824 137 et
830 118 873 144 ipse

205 149 237 169 die
246 149 253 168 l
265 149 349 174 Augusti
358 149 410 169 1882
418 149 474 174 gravi
484 149 549 168 morbo
559 148 671 168 decumbere
679 148 785 168 Mediolani
794 148 870 168 debuit.

244 179 292 198 Tum
307 185 352 199 vero
366 179 512 205 telegrammste
526 179 632 205 Episcopus
639 179 750 199 admonitus
759 179 782 198 de
792 185 813 198 re
822 178 869 201 fuit;

204 210 225 229 et
238 209 326 234 quamvis
340 208 404 228 forsan
418 210 471 235 prius
485 209 509 228 de
522 210 583 229 morbi
598 209 703 229 existentia
721 209 737 228 is
757 209 869 232 dubitaret,

205 239 285 259 subinde
299 239 387 262 credidit,
402 246 425 258 ae
443 239 530 265 permisit
547 239 634 259 eumdem
654 240 725 259 ibidem
747 246 792 259 suae
810 239 872 258 saluti

204 269 310 289 oonsulere.
326 269 374 290 Cum
388 271 453 289 tamen
468 269 574 293 convaluit,
589 269 694 295 Episcopus
706 269 826 289 Martianum
840 275 873 288 re-

205 300 256 319 verti
270 299 327 319 iussit
340 299 455 322 Olevauum
472 300 504 325 qui
519 300 584 319 tamen
599 300 696 325 mandatis
711 306 749 319 non
763 301 835 326 paruit.

244 329 323 349 Iteratis
330 330 362 349 sed
368 336 413 349 vero
420 329 510 356 Episcopi
518 330 656 350 monitionibus
663 337 685 350 ac
697 331 804 350 minacibus
816 331 872 351 litte-

205 360 232 379 ris
239 360 307 384 flexus,
316 361 340 380 ab
346 360 400 380 exitu
407 360 490 380 octobris
500 360 584 380 eiusdem
591 361 637 380 anni
648 361 699 380 1882
708 361 815 381 Olevsnum
829 361 873 380 die-

205 391 240 410 bus
249 390 304 410 sestis
313 391 410 413 veniebat,
421 391 442 410 ut
456 391 483 410 ibi
493 392 581 410 sanctum
590 391 659 410 missae
669 391 783 411 sacrificium
794 391 870 414 litaret,

204 421 301 446 quamvis,
316 427 350 440 ceu
364 421 422 440 habet
435 421 475 440 elis
489 421 563 441 medica
576 420 622 440 fides
631 435 636 444 ,
652 422 781 441 deterreretur
798 428 810 441 a
829 427 873 441 me-

204 452 254 474 dico,
270 457 292 470 eo
305 451 355 476 quod
368 451 415 471 bene
434 451 496 470 adhuc
516 452 555 471 nou
575 451 712 471 convaluisset.
734 451 791 471 Unde
809 451 872 471 etiam

203 482 308 507 aliquando
322 481 381 501 elium
396 482 515 501 sacerdotem
528 482 570 501 vice
583 488 618 501 sua
631 481 679 501 illue
693 481 754 501 misit.

245 512 328 531 Volebat
341 512 406 531 tamen
420 511 534 531 Ordiuarius
548 513 570 531 ut
583 511 693 531 Martianus
707 511 805 531 stabiliter
824 510 871 530 Ole-

205 548 277 562 vanum
292 543 428 565 reverteretur,
437 542 488 562 unde
497 543 515 561 ei
525 542 609 568 scripsit:
625 542 679 562 iubeo
691 543 711 561 te
720 548 754 568 per
763 543 826 561 totum
835 547 873 561 an-

205 579 252 592 num
262 572 313 592 1883
320 578 431 598 permanere
441 573 462 592 in
468 572 537 598 oppido
544 572 634 595 Olevsni;
643 578 678 598 pro
687 578 738 591 anno
749 571 800 591 1884
809 571 874 591 facul-

205 604 267 622 tatem
281 602 380 623 abessemii
390 604 409 622 et
418 603 478 622 etiem
492 603 636 628 derelinquendi
645 602 750 622 Dioecesim
765 602 800 622 tibi
813 602 870 621 dabo.

246 632 281 652 Sed
291 633 316 652 iis
325 633 391 652 diebus
405 633 476 652 iterum
486 633 621 653 infirmabatur
630 632 748 656 Martianus,
759 632 806 652 adeo
814 633 837 651 ut
850 634 873 652 et
901 628 903 631 ”

206 664 226 683 in
241 663 370 683 nosocomium
380 669 400 683 se
410 663 494 689 recipere
507 663 601 683 debuerit.
617 663 723 689 Episcopus
733 665 805 686 tamen,
814 669 874 688 quem

205 693 330 713 forsanhaec
343 694 408 713 omnia
422 694 516 717 latebant,
531 695 566 713 aut
579 693 612 719 qui
621 699 689 719 parum
699 693 744 712 fidei
753 693 872 716 medicorum

204 723 362 743 attestationibus
376 724 473 747 nectebat,
488 724 553 743 animo
567 730 600 743 suo
614 730 689 749 semper
702 724 812 749 reputabat,
830 729 872 742 mo-

205 753 266 772 ralem
279 760 364 776 causam,
381 760 433 779 spem
447 754 540 773 nimirum
554 754 680 773 haereditatis
693 753 777 776 Usuelli.
792 753 873 773 allicere

204 783 336 806 Martianum‚
352 790 389 803 non
411 784 498 803 morbum
516 790 559 804 eum
575 784 675 810 impedire,
698 784 744 810 quin
762 783 873 803 Olevanurn

205 814 364 839 proficisceretur3
380 814 425 834 hinc
439 814 548 834 insistebat.
564 813 593 834 Eo
607 814 637 834 vel
654 815 716 840 magis
737 814 787 840 quod
807 813 873 839 pluri-

205 850 258 864 mum
273 844 347 863 interes
361 845 468 870 angebatur
482 851 516 870 pro
529 844 611 864 Olevani
625 845 721 870 paroecia.

245 874 327 894 Volebat
341 875 429 900 equidem
443 874 588 900 viglevanensis
601 875 690 894 Antistes
699 889 704 897 ,
720 876 742 894 ut
756 875 776 894 in
790 881 825 894 sua
841 880 874 894 re—

205 904 278 924 latione
292 904 371 928 fatetur,
387 905 432 924 huic
445 905 539 925 sacerdoti
553 905 739 928 excardinationem,
750 911 807 930 saepe
816 905 839 924 ab
849 910 873 924 eo

205 941 239 960 per
253 934 317 960 plures
330 941 420 960 personas
430 935 523 960 petitam,
539 935 648 955 concedere:
659 936 690 955 ast
699 935 769 955 timore
782 934 874 954 eeclesia-

205 965 274 984 sticam
288 965 410 991 disciplinam
424 965 543 989 enervandi,
566 965 647 991 aliisque
667 966 740 985 malum
761 964 873 991 exemplum

204 995 315 1021 praebendi,
331 995 414 1015 destitit.
431 996 492 1015 Notus
506 996 598 1021 siquidem
613 996 634 1015 in
647 996 729 1015 dioecesi
739 997 789 1019 erat.
800 997 822 1015 ut
831 996 873 1021 ipse

205 1026 241 1048 ait,
257 1026 361 1045 sacerdotis
375 1025 469 1045 Martiaui
484 1026 549 1045 firmus
570 1032 592 1045 ac
613 1027 704 1052 pervicax
724 1026 812 1048 animus,
834 1031 874 1051 quo

205 1055 278 1075 factum
292 1058 321 1076 est
335 1059 357 1075 ut
370 1056 528 1082 quadragesimae
542 1057 627 1082 tempore
647 1056 731 1076 Oleveni
751 1056 785 1075 vix
806 1055 873 1075 nullus

205 1086 293 1105 sacerdos
306 1086 418 1112 spirituales
432 1086 497 1112 populi
511 1087 635 1106 necessitates
645 1087 729 1110 cureret‚'
740 1087 781 1112 ipso
793 1085 873 1111 syndico

205 1117 237 1142 pie
251 1116 376 1140 reclamante
391 1118 411 1136 et
425 1116 527 1136 paschatis
541 1116 606 1136 diebus
620 1116 667 1136 illuc
680 1117 735 1136 mitti
744 1116 832 1135 debuerit
841 1122 874 1135 sn-

205 1147 278 1170 cerdos,
293 1147 326 1173 qui
340 1147 361 1166 in
375 1146 481 1167 cathedrali
494 1146 621 1166 confessiones
635 1146 702 1166 audire
716 1147 825 1166 tenebatur.
